datetime,stock,date,mid,bid,ask,trade_price,size,side,spread,dollar_volume
2024-01-15 09:30:00.000000,AAPL,2024-01-15,185.0135,185.0075,185.0195,185.0195,285,1,0.012,52730.56
2024-01-15 09:30:01.000042,AAPL,2024-01-15,185.0098,185.0038,185.0158,185.0038,232,-1,0.012,42920.88
2024-01-15 09:30:02.000085,AAPL,2024-01-15,185.0272,185.0212,185.0332,185.0212,821,-1,0.0119,151902.44
2024-01-15 09:30:03.000128,AAPL,2024-01-15,185.0681,185.0621,185.0741,185.0621,1586,-1,0.0119,293508.56
2024-01-15 09:30:04.000170,AAPL,2024-01-15,185.0618,185.0559,185.0678,185.0678,301,1,0.0119,55705.4
2024-01-15 09:30:05.000213,AAPL,2024-01-15,185.0556,185.0496,185.0615,185.0615,1975,1,0.0119,365496.5
2024-01-15 09:30:06.000256,AAPL,2024-01-15,185.0977,185.0918,185.1037,185.0918,182,-1,0.0119,33686.7
2024-01-15 09:30:07.000299,AAPL,2024-01-15,185.1182,185.1122,185.1241,185.1122,227,-1,0.0119,42020.48
2024-01-15 09:30:08.000341,AAPL,2024-01-15,185.1057,185.0998,185.1116,185.0998,488,-1,0.0119,90328.68
2024-01-15 09:30:09.000384,AAPL,2024-01-15,185.1201,185.1142,185.126,185.126,148,1,0.0119,27398.65
2024-01-15 09:30:10.000427,AAPL,2024-01-15,185.1078,185.1019,185.1137,185.1019,483,-1,0.0119,89404.21
2024-01-15 09:30:11.000470,AAPL,2024-01-15,185.0955,185.0895,185.1014,185.0895,188,-1,0.0118,34796.83
2024-01-15 09:30:12.000512,AAPL,2024-01-15,185.1019,185.0959,185.1078,185.1078,142,1,0.0118,26285.31
2024-01-15 09:30:13.000555,AAPL,2024-01-15,185.0513,185.0453,185.0572,185.0453,142,-1,0.0118,26276.44
2024-01-15 09:30:14.000598,AAPL,2024-01-15,185.0057,184.9998,185.0116,185.0116,219,1,0.0118,40517.54
2024-01-15 09:30:15.000641,AAPL,2024-01-15,184.9908,184.9849,184.9967,184.9967,398,1,0.0118,73628.7
2024-01-15 09:30:16.000683,AAPL,2024-01-15,184.9641,184.9582,184.97,184.97,142,1,0.0118,26265.74
2024-01-15 09:30:17.000726,AAPL,2024-01-15,184.9724,184.9665,184.9783,184.9783,328,1,0.0118,60672.88
2024-01-15 09:30:18.000769,AAPL,2024-01-15,184.9485,184.9426,184.9544,184.9426,329,-1,0.0118,60846.12
2024-01-15 09:30:19.000812,AAPL,2024-01-15,184.9114,184.9055,184.9173,184.9055,248,-1,0.0118,45856.56
2024-01-15 09:30:20.000854,AAPL,2024-01-15,184.9499,184.944,184.9558,184.9558,142,1,0.0118,26263.72
2024-01-15 09:30:21.000897,AAPL,2024-01-15,184.9439,184.9381,184.9498,184.9498,345,1,0.0118,63807.69
2024-01-15 09:30:22.000940,AAPL,2024-01-15,184.9457,184.9398,184.9516,184.9398,253,-1,0.0118,46789.78
2024-01-15 09:30:23.000982,AAPL,2024-01-15,184.9084,184.9025,184.9143,184.9025,624,-1,0.0118,115379.16
2024-01-15 09:30:24.001025,AAPL,2024-01-15,184.8941,184.8882,184.9,184.8882,142,-1,0.0118,26254.13
2024-01-15 09:30:25.001068,AAPL,2024-01-15,184.897,184.8911,184.9029,184.9029,312,1,0.0118,57689.71
2024-01-15 09:30:26.001111,AAPL,2024-01-15,184.8669,184.8611,184.8728,184.8611,142,-1,0.0118,26250.27
2024-01-15 09:30:27.001153,AAPL,2024-01-15,184.8768,184.8709,184.8826,184.8709,235,-1,0.0118,43444.66
2024-01-15 09:30:28.001196,AAPL,2024-01-15,184.8611,184.8552,184.867,184.867,142,1,0.0118,26251.11
2024-01-15 09:30:29.001239,AAPL,2024-01-15,184.8535,184.8476,184.8594,184.8476,142,-1,0.0118,26248.36
2024-01-15 09:30:30.001282,AAPL,2024-01-15,184.8378,184.8319,184.8437,184.8319,283,-1,0.0117,52307.43
2024-01-15 09:30:31.001324,AAPL,2024-01-15,184.886,184.8802,184.8919,184.8802,181,-1,0.0117,33463.31
2024-01-15 09:30:32.001367,AAPL,2024-01-15,184.8857,184.8798,184.8915,184.8798,920,-1,0.0117,170089.43
2024-01-15 09:30:33.001410,AAPL,2024-01-15,184.8582,184.8523,184.864,184.8523,731,-1,0.0117,135127.04
2024-01-15 09:30:34.001453,AAPL,2024-01-15,184.8795,184.8737,184.8854,184.8854,541,1,0.0117,100023.01
2024-01-15 09:30:35.001495,AAPL,2024-01-15,184.8478,184.842,184.8537,184.842,533,-1,0.0117,98520.78
2024-01-15 09:30:36.001538,AAPL,2024-01-15,184.8533,184.8474,184.8591,184.8474,314,-1,0.0117,58042.09
2024-01-15 09:30:37.001581,AAPL,2024-01-15,184.8024,184.7966,184.8083,184.8083,809,1,0.0117,149509.92
2024-01-15 09:30:38.001624,AAPL,2024-01-15,184.768,184.7622,184.7739,184.7622,225,-1,0.0117,41571.49
2024-01-15 09:30:39.001666,AAPL,2024-01-15,184.7731,184.7673,184.779,184.7673,1551,-1,0.0117,286574.04
2024-01-15 09:30:40.001709,AAPL,2024-01-15,184.7922,184.7864,184.7981,184.7981,142,1,0.0117,26241.33
2024-01-15 09:30:41.001752,AAPL,2024-01-15,184.7967,184.7908,184.8025,184.7908,142,-1,0.0117,26240.3
2024-01-15 09:30:42.001794,AAPL,2024-01-15,184.7937,184.7878,184.7995,184.7995,142,1,0.0117,26241.53
2024-01-15 09:30:43.001837,AAPL,2024-01-15,184.7859,184.7801,184.7918,184.7801,142,-1,0.0117,26238.77
2024-01-15 09:30:44.001880,AAPL,2024-01-15,184.7477,184.7419,184.7536,184.7536,142,1,0.0117,26235.01
2024-01-15 09:30:45.001923,AAPL,2024-01-15,184.7292,184.7233,184.735,184.7233,337,-1,0.0117,62251.76
2024-01-15 09:30:46.001965,AAPL,2024-01-15,184.7173,184.7114,184.7231,184.7231,562,1,0.0117,103814.4
2024-01-15 09:30:47.002008,AAPL,2024-01-15,184.7445,184.7387,184.7504,184.7387,291,-1,0.0117,53758.96
2024-01-15 09:30:48.002051,AAPL,2024-01-15,184.7534,184.7475,184.7592,184.7475,142,-1,0.0117,26234.15
2024-01-15 09:30:49.002094,AAPL,2024-01-15,184.708,184.7022,184.7138,184.7138,195,1,0.0117,36019.2
2024-01-15 09:30:50.002136,AAPL,2024-01-15,184.7163,184.7105,184.7222,184.7105,558,-1,0.0117,103068.46
2024-01-15 09:30:51.002179,AAPL,2024-01-15,184.7064,184.7006,184.7123,184.7123,216,1,0.0117,39897.85
2024-01-15 09:30:52.002222,AAPL,2024-01-15,184.689,184.6832,184.6949,184.6832,149,-1,0.0117,27517.8
2024-01-15 09:30:53.002265,AAPL,2024-01-15,184.7047,184.6989,184.7106,184.6989,142,-1,0.0117,26227.25
2024-01-15 09:30:54.002307,AAPL,2024-01-15,184.7312,184.7254,184.737,184.7254,202,-1,0.0117,37314.53
2024-01-15 09:30:55.002350,AAPL,2024-01-15,184.7551,184.7493,184.7609,184.7493,162,-1,0.0117,29929.38
2024-01-15 09:30:56.002393,AAPL,2024-01-15,184.7336,184.7278,184.7394,184.7394,264,1,0.0117,48771.2
2024-01-15 09:30:57.002436,AAPL,2024-01-15,184.7257,184.7198,184.7315,184.7315,415,1,0.0117,76663.57
2024-01-15 09:30:58.002478,AAPL,2024-01-15,184.7341,184.7283,184.74,184.7283,226,-1,0.0116,41748.6
2024-01-15 09:30:59.002521,AAPL,2024-01-15,184.7591,184.7533,184.7649,184.7649,328,1,0.0116,60602.9
2024-01-15 09:31:00.002564,AAPL,2024-01-15,184.7469,184.741,184.7527,184.7527,414,1,0.0116,76487.61
2024-01-15 09:31:01.002606,AAPL,2024-01-15,184.7421,184.7363,184.7479,184.7479,142,1,0.0116,26234.21
2024-01-15 09:31:02.002649,AAPL,2024-01-15,184.7138,184.708,184.7196,184.708,1286,-1,0.0116,237534.51
2024-01-15 09:31:03.002692,AAPL,2024-01-15,184.6833,184.6775,184.6891,184.6891,156,1,0.0116,28811.5
2024-01-15 09:31:04.002735,AAPL,2024-01-15,184.704,184.6982,184.7098,184.6982,429,-1,0.0116,79235.53
2024-01-15 09:31:05.002777,AAPL,2024-01-15,184.7386,184.7328,184.7444,184.7328,142,-1,0.0116,26232.06
2024-01-15 09:31:06.002820,AAPL,2024-01-15,184.7368,184.731,184.7426,184.731,310,-1,0.0116,57266.6
2024-01-15 09:31:07.002863,AAPL,2024-01-15,184.7624,184.7566,184.7682,184.7682,318,1,0.0116,58756.28
2024-01-15 09:31:08.002906,AAPL,2024-01-15,184.7716,184.7658,184.7774,184.7774,1072,1,0.0116,198081.37
2024-01-15 09:31:09.002948,AAPL,2024-01-15,184.7552,184.7493,184.761,184.7493,236,-1,0.0116,43600.85
2024-01-15 09:31:10.002991,AAPL,2024-01-15,184.7644,184.7585,184.7702,184.7585,803,-1,0.0116,148361.12
2024-01-15 09:31:11.003034,AAPL,2024-01-15,184.8035,184.7977,184.8093,184.8093,358,1,0.0116,66161.73
2024-01-15 09:31:12.003077,AAPL,2024-01-15,184.8026,184.7968,184.8084,184.8084,1251,1,0.0116,231195.28
2024-01-15 09:31:13.003119,AAPL,2024-01-15,184.8423,184.8365,184.8481,184.8481,142,1,0.0116,26248.44
2024-01-15 09:31:14.003162,AAPL,2024-01-15,184.7758,184.77,184.7816,184.77,418,-1,0.0116,77233.85
2024-01-15 09:31:15.003205,AAPL,2024-01-15,184.7967,184.7909,184.8025,184.7909,142,-1,0.0116,26240.3
2024-01-15 09:31:16.003248,AAPL,2024-01-15,184.7989,184.7931,184.8047,184.8047,270,1,0.0116,49897.26
2024-01-15 09:31:17.003290,AAPL,2024-01-15,184.7913,184.7855,184.7971,184.7971,642,1,0.0116,118639.72
2024-01-15 09:31:18.003333,AAPL,2024-01-15,184.7936,184.7878,184.7994,184.7878,902,-1,0.0116,166678.61
2024-01-15 09:31:19.003376,AAPL,2024-01-15,184.7432,184.7374,184.749,184.749,513,1,0.0116,94776.25
2024-01-15 09:31:20.003418,AAPL,2024-01-15,184.7377,184.7319,184.7435,184.7319,224,-1,0.0116,41379.94
2024-01-15 09:31:21.003461,AAPL,2024-01-15,184.7467,184.7409,184.7525,184.7409,439,-1,0.0116,81101.27
2024-01-15 09:31:22.003504,AAPL,2024-01-15,184.7841,184.7783,184.7899,184.7783,2127,-1,0.0116,393023.5
2024-01-15 09:31:23.003547,AAPL,2024-01-15,184.771,184.7652,184.7768,184.7652,301,-1,0.0116,55614.33
2024-01-15 09:31:24.003589,AAPL,2024-01-15,184.7506,184.7448,184.7564,184.7448,612,-1,0.0116,113063.8
2024-01-15 09:31:25.003632,AAPL,2024-01-15,184.7379,184.7321,184.7437,184.7321,200,-1,0.0116,36946.42
2024-01-15 09:31:26.003675,AAPL,2024-01-15,184.761,184.7552,184.7668,184.7668,667,1,0.0116,123239.45
2024-01-15 09:31:27.003718,AAPL,2024-01-15,184.7693,184.7635,184.7751,184.7751,585,1,0.0116,108093.43
2024-01-15 09:31:28.003760,AAPL,2024-01-15,184.7559,184.7502,184.7617,184.7502,173,-1,0.0116,31961.78
2024-01-15 09:31:29.003803,AAPL,2024-01-15,184.7689,184.7631,184.7747,184.7747,528,1,0.0116,97561.03
2024-01-15 09:31:30.003846,AAPL,2024-01-15,184.7713,184.7656,184.7771,184.7656,548,-1,0.0116,101251.52
2024-01-15 09:31:31.003889,AAPL,2024-01-15,184.7958,184.79,184.8015,184.8015,512,1,0.0116,94618.38
2024-01-15 09:31:32.003931,AAPL,2024-01-15,184.7781,184.7723,184.7838,184.7723,274,-1,0.0116,50627.61
2024-01-15 09:31:33.003974,AAPL,2024-01-15,184.7698,184.764,184.7756,184.764,758,-1,0.0116,140051.14
2024-01-15 09:31:34.004017,AAPL,2024-01-15,184.7599,184.7542,184.7657,184.7542,141,-1,0.0116,26050.34
2024-01-15 09:31:35.004060,AAPL,2024-01-15,184.7231,184.7173,184.7289,184.7289,285,1,0.0115,52647.73
2024-01-15 09:31:36.004102,AAPL,2024-01-15,184.7306,184.7248,184.7363,184.7248,309,-1,0.0115,57079.96
2024-01-15 09:31:37.004145,AAPL,2024-01-15,184.7371,184.7314,184.7429,184.7429,724,1,0.0115,133753.86
2024-01-15 09:31:38.004188,AAPL,2024-01-15,184.7373,184.7315,184.743,184.743,141,1,0.0115,26048.77
2024-01-15 09:31:39.004230,AAPL,2024-01-15,184.7314,184.7256,184.7371,184.7371,343,1,0.0115,63364.84
2024-01-15 09:31:40.004273,AAPL,2024-01-15,184.6958,184.6901,184.7016,184.6901,190,-1,0.0115,35091.11
2024-01-15 09:31:41.004316,AAPL,2024-01-15,184.6853,184.6795,184.691,184.691,309,1,0.0115,57069.53
2024-01-15 09:31:42.004359,AAPL,2024-01-15,184.6767,184.6709,184.6824,184.6709,387,-1,0.0115,71467.64
2024-01-15 09:31:43.004401,AAPL,2024-01-15,184.6565,184.6508,184.6623,184.6508,141,-1,0.0115,26035.76
2024-01-15 09:31:44.004444,AAPL,2024-01-15,184.6525,184.6467,184.6583,184.6467,779,-1,0.0115,143839.81
2024-01-15 09:31:45.004487,AAPL,2024-01-15,184.6626,184.6569,184.6684,184.6569,398,-1,0.0115,73493.43
2024-01-15 09:31:46.004530,AAPL,2024-01-15,184.7099,184.7041,184.7156,184.7041,141,-1,0.0115,26043.28
2024-01-15 09:31:47.004572,AAPL,2024-01-15,184.7142,184.7085,184.72,184.7085,215,-1,0.0115,39712.32
2024-01-15 09:31:48.004615,AAPL,2024-01-15,184.7207,184.7149,184.7264,184.7149,936,-1,0.0115,172893.17
2024-01-15 09:31:49.004658,AAPL,2024-01-15,184.7188,184.7131,184.7246,184.7246,394,1,0.0115,72781.49
2024-01-15 09:31:50.004701,AAPL,2024-01-15,184.6708,184.6651,184.6766,184.6766,141,1,0.0115,26039.4
2024-01-15 09:31:51.004743,AAPL,2024-01-15,184.6702,184.6644,184.6759,184.6759,150,1,0.0115,27701.39
2024-01-15 09:31:52.004786,AAPL,2024-01-15,184.6717,184.6659,184.6774,184.6774,466,1,0.0115,86059.69
2024-01-15 09:31:53.004829,AAPL,2024-01-15,184.7332,184.7275,184.739,184.739,513,1,0.0115,94771.09
2024-01-15 09:31:54.004872,AAPL,2024-01-15,184.7284,184.7227,184.7342,184.7227,378,-1,0.0115,69825.16
2024-01-15 09:31:55.004914,AAPL,2024-01-15,184.7359,184.7302,184.7417,184.7302,224,-1,0.0115,41379.56
2024-01-15 09:31:56.004957,AAPL,2024-01-15,184.7351,184.7293,184.7408,184.7408,541,1,0.0115,99944.78
2024-01-15 09:31:57.005000,AAPL,2024-01-15,184.7059,184.7002,184.7117,184.7002,219,-1,0.0115,40449.34
2024-01-15 09:31:58.005042,AAPL,2024-01-15,184.7344,184.7287,184.7402,184.7287,141,-1,0.0115,26046.74
2024-01-15 09:31:59.005085,AAPL,2024-01-15,184.7531,184.7474,184.7589,184.7589,1007,1,0.0115,186052.21
2024-01-15 09:32:00.005128,AAPL,2024-01-15,184.7729,184.7671,184.7786,184.7671,418,-1,0.0115,77232.65
2024-01-15 09:32:01.005171,AAPL,2024-01-15,184.7502,184.7445,184.756,184.7445,150,-1,0.0115,27711.67
2024-01-15 09:32:02.005213,AAPL,2024-01-15,184.7851,184.7794,184.7909,184.7909,314,1,0.0115,58024.33
2024-01-15 09:32:03.005256,AAPL,2024-01-15,184.7502,184.7445,184.756,184.756,289,1,0.0115,53394.48
2024-01-15 09:32:04.005299,AAPL,2024-01-15,184.7648,184.7591,184.7706,184.7706,214,1,0.0115,39540.9
2024-01-15 09:32:05.005342,AAPL,2024-01-15,184.8193,184.8136,184.825,184.825,341,1,0.0115,63025.34
2024-01-15 09:32:06.005384,AAPL,2024-01-15,184.7947,184.7889,184.8004,184.7889,141,-1,0.0115,26055.24
2024-01-15 09:32:07.005427,AAPL,2024-01-15,184.7806,184.7749,184.7864,184.7749,569,-1,0.0115,105136.9
2024-01-15 09:32:08.005470,AAPL,2024-01-15,184.7831,184.7774,184.7888,184.7774,281,-1,0.0115,51922.44
2024-01-15 09:32:09.005513,AAPL,2024-01-15,184.7706,184.7649,184.7763,184.7763,141,1,0.0115,26053.46
2024-01-15 09:32:10.005555,AAPL,2024-01-15,184.7321,184.7264,184.7378,184.7264,235,-1,0.0115,43410.7
2024-01-15 09:32:11.005598,AAPL,2024-01-15,184.7338,184.7281,184.7395,184.7395,172,1,0.0115,31775.2
2024-01-15 09:32:12.005641,AAPL,2024-01-15,184.7075,184.7017,184.7132,184.7017,141,-1,0.0115,26042.94
2024-01-15 09:32:13.005684,AAPL,2024-01-15,184.7192,184.7135,184.7249,184.7249,249,1,0.0115,45996.51
2024-01-15 09:32:14.005726,AAPL,2024-01-15,184.6964,184.6907,184.7022,184.6907,648,-1,0.0115,119679.57
2024-01-15 09:32:15.005769,AAPL,2024-01-15,184.7348,184.7291,184.7405,184.7291,259,-1,0.0115,47844.83
2024-01-15 09:32:16.005812,AAPL,2024-01-15,184.7154,184.7097,184.7212,184.7097,498,-1,0.0115,91985.43
2024-01-15 09:32:17.005854,AAPL,2024-01-15,184.7075,184.7017,184.7132,184.7132,284,1,0.0115,52458.54
2024-01-15 09:32:18.005897,AAPL,2024-01-15,184.7276,184.7219,184.7333,184.7219,195,-1,0.0115,36020.76
2024-01-15 09:32:19.005940,AAPL,2024-01-15,184.6971,184.6914,184.7029,184.6914,157,-1,0.0115,28996.55
2024-01-15 09:32:20.005983,AAPL,2024-01-15,184.7028,184.697,184.7085,184.697,141,-1,0.0115,26042.28
2024-01-15 09:32:21.006025,AAPL,2024-01-15,184.7351,184.7293,184.7408,184.7408,593,1,0.0114,109551.29
2024-01-15 09:32:22.006068,AAPL,2024-01-15,184.6954,184.6896,184.7011,184.7011,506,1,0.0114,93458.75
2024-01-15 09:32:23.006111,AAPL,2024-01-15,184.6999,184.6942,184.7056,184.7056,226,1,0.0114,41743.47
2024-01-15 09:32:24.006154,AAPL,2024-01-15,184.7063,184.7006,184.7121,184.7121,141,1,0.0114,26044.4
2024-01-15 09:32:25.006196,AAPL,2024-01-15,184.7256,184.7199,184.7313,184.7199,411,-1,0.0114,75919.88
2024-01-15 09:32:26.006239,AAPL,2024-01-15,184.6951,184.6894,184.7008,184.6894,141,-1,0.0114,26041.2
2024-01-15 09:32:27.006282,AAPL,2024-01-15,184.6625,184.6568,184.6683,184.6683,316,1,0.0114,58355.17
2024-01-15 09:32:28.006325,AAPL,2024-01-15,184.6754,184.6697,184.6811,184.6697,141,-1,0.0114,26038.43
2024-01-15 09:32:29.006367,AAPL,2024-01-15,184.6827,184.677,184.6884,184.6884,304,1,0.0114,56145.29
2024-01-15 09:32:30.006410,AAPL,2024-01-15,184.6889,184.6832,184.6946,184.6946,254,1,0.0114,46912.43
2024-01-15 09:32:31.006453,AAPL,2024-01-15,184.6974,184.6917,184.7031,184.7031,141,1,0.0114,26043.14
2024-01-15 09:32:32.006496,AAPL,2024-01-15,184.6807,184.675,184.6864,184.675,1031,-1,0.0114,190399.9
2024-01-15 09:32:33.006538,AAPL,2024-01-15,184.6864,184.6807,184.6921,184.6807,217,-1,0.0114,40075.71
2024-01-15 09:32:34.006581,AAPL,2024-01-15,184.6936,184.6879,184.6993,184.6993,229,1,0.0114,42296.15
2024-01-15 09:32:35.006624,AAPL,2024-01-15,184.676,184.6703,184.6818,184.6703,432,-1,0.0114,79777.59
2024-01-15 09:32:36.006666,AAPL,2024-01-15,184.7219,184.7162,184.7276,184.7276,271,1,0.0114,50061.19
2024-01-15 09:32:37.006709,AAPL,2024-01-15,184.7336,184.7279,184.7393,184.7393,377,1,0.0114,69646.71
2024-01-15 09:32:38.006752,AAPL,2024-01-15,184.7043,184.6986,184.71,184.71,141,1,0.0114,26044.11
2024-01-15 09:32:39.006795,AAPL,2024-01-15,184.7204,184.7147,184.7261,184.7261,251,1,0.0114,46366.26
2024-01-15 09:32:40.006837,AAPL,2024-01-15,184.6965,184.6908,184.7022,184.6908,141,-1,0.0114,26041.4
2024-01-15 09:32:41.006880,AAPL,2024-01-15,184.7158,184.7101,184.7215,184.7101,233,-1,0.0114,43037.45
2024-01-15 09:32:42.006923,AAPL,2024-01-15,184.7442,184.7385,184.7499,184.7499,897,1,0.0114,165720.7
2024-01-15 09:32:43.006966,AAPL,2024-01-15,184.7241,184.7184,184.7298,184.7298,141,1,0.0114,26046.9
2024-01-15 09:32:44.007008,AAPL,2024-01-15,184.7477,184.742,184.7534,184.7534,213,1,0.0114,39352.48
2024-01-15 09:32:45.007051,AAPL,2024-01-15,184.7578,184.7521,184.7635,184.7635,141,1,0.0114,26051.66
2024-01-15 09:32:46.007094,AAPL,2024-01-15,184.778,184.7723,184.7837,184.7723,284,-1,0.0114,52475.33
2024-01-15 09:32:47.007137,AAPL,2024-01-15,184.8245,184.8188,184.8302,184.8302,409,1,0.0114,75595.53
2024-01-15 09:32:48.007179,AAPL,2024-01-15,184.8184,184.8127,184.8241,184.8127,382,-1,0.0114,70598.47
2024-01-15 09:32:49.007222,AAPL,2024-01-15,184.8,184.7943,184.8057,184.8057,173,1,0.0114,31971.38
2024-01-15 09:32:50.007265,AAPL,2024-01-15,184.7782,184.7725,184.7839,184.7839,141,1,0.0114,26054.53
2024-01-15 09:32:51.007308,AAPL,2024-01-15,184.7583,184.7526,184.764,184.7526,141,-1,0.0114,26050.11
2024-01-15 09:32:52.007350,AAPL,2024-01-15,184.7564,184.7507,184.7621,184.7621,771,1,0.0114,142451.56
2024-01-15 09:32:53.007393,AAPL,2024-01-15,184.7647,184.759,184.7704,184.7704,570,1,0.0114,105319.14
2024-01-15 09:32:54.007436,AAPL,2024-01-15,184.7715,184.7658,184.7772,184.7772,261,1,0.0114,48226.84
2024-01-15 09:32:55.007478,AAPL,2024-01-15,184.7917,184.786,184.7974,184.7974,320,1,0.0114,59135.16
2024-01-15 09:32:56.007521,AAPL,2024-01-15,184.792,184.7863,184.7977,184.7977,141,1,0.0114,26056.48
2024-01-15 09:32:57.007564,AAPL,2024-01-15,184.8275,184.8218,184.8332,184.8332,792,1,0.0114,146387.89
2024-01-15 09:32:58.007607,AAPL,2024-01-15,184.821,184.8153,184.8267,184.8153,158,-1,0.0114,29200.83
2024-01-15 09:32:59.007649,AAPL,2024-01-15,184.8874,184.8817,184.8931,184.8817,399,-1,0.0114,73767.81
2024-01-15 09:33:00.007692,AAPL,2024-01-15,184.9027,184.897,184.9084,184.897,141,-1,0.0114,26070.47
2024-01-15 09:33:01.007735,AAPL,2024-01-15,184.8818,184.8761,184.8875,184.8875,244,1,0.0114,45112.54
2024-01-15 09:33:02.007778,AAPL,2024-01-15,184.8557,184.85,184.8614,184.8614,765,1,0.0114,141418.93
2024-01-15 09:33:03.007820,AAPL,2024-01-15,184.8674,184.8617,184.8731,184.8731,141,1,0.0114,26067.11
2024-01-15 09:33:04.007863,AAPL,2024-01-15,184.862,184.8563,184.8677,184.8677,513,1,0.0114,94837.11
2024-01-15 09:33:05.007906,AAPL,2024-01-15,184.8794,184.8737,184.8851,184.8851,141,1,0.0114,26068.79
2024-01-15 09:33:06.007949,AAPL,2024-01-15,184.8909,184.8852,184.8966,184.8966,141,1,0.0114,26070.42
2024-01-15 09:33:07.007991,AAPL,2024-01-15,184.8891,184.8834,184.8948,184.8948,279,1,0.0114,51585.65
2024-01-15 09:33:08.008034,AAPL,2024-01-15,184.8685,184.8628,184.8742,184.8742,613,1,0.0114,113327.88
2024-01-15 09:33:09.008077,AAPL,2024-01-15,184.8317,184.826,184.8374,184.8374,221,1,0.0114,40849.05
2024-01-15 09:33:10.008120,AAPL,2024-01-15,184.8208,184.8151,184.8265,184.8265,462,1,0.0114,85389.84
2024-01-15 09:33:11.008162,AAPL,2024-01-15,184.8416,184.8359,184.8473,184.8473,704,1,0.0114,130132.51
2024-01-15 09:33:12.008205,AAPL,2024-01-15,184.8468,184.8412,184.8525,184.8525,150,1,0.0114,27727.88
2024-01-15 09:33:13.008248,AAPL,2024-01-15,184.8166,184.8109,184.8222,184.8222,141,1,0.0114,26059.94
2024-01-15 09:33:14.008290,AAPL,2024-01-15,184.8208,184.8151,184.8265,184.8265,211,1,0.0114,38998.38
2024-01-15 09:33:15.008333,AAPL,2024-01-15,184.8301,184.8245,184.8358,184.8358,780,1,0.0114,144171.93
2024-01-15 09:33:16.008376,AAPL,2024-01-15,184.8087,184.803,184.8144,184.8144,146,1,0.0114,26982.9
2024-01-15 09:33:17.008419,AAPL,2024-01-15,184.8124,184.8067,184.8181,184.8181,634,1,0.0113,117174.67
2024-01-15 09:33:18.008461,AAPL,2024-01-15,184.8138,184.8081,184.8195,184.8081,228,-1,0.0113,42136.26
2024-01-15 09:33:19.008504,AAPL,2024-01-15,184.7861,184.7804,184.7918,184.7918,1149,1,0.0113,212325.76
2024-01-15 09:33:20.008547,AAPL,2024-01-15,184.7948,184.7891,184.8005,184.8005,1699,1,0.0113,313975.97
2024-01-15 09:33:21.008590,AAPL,2024-01-15,184.8084,184.8027,184.814,184.814,643,1,0.0113,118835.43
2024-01-15 09:33:22.008632,AAPL,2024-01-15,184.8346,184.8289,184.8403,184.8403,141,1,0.0113,26062.48
2024-01-15 09:33:23.008675,AAPL,2024-01-15,184.8601,184.8545,184.8658,184.8658,141,1,0.0113,26066.08
2024-01-15 09:33:24.008718,AAPL,2024-01-15,184.8268,184.8211,184.8324,184.8211,296,-1,0.0113,54707.05
2024-01-15 09:33:25.008761,AAPL,2024-01-15,184.8041,184.7984,184.8097,184.7984,582,-1,0.0113,107552.67
2024-01-15 09:33:26.008803,AAPL,2024-01-15,184.8165,184.8109,184.8222,184.8222,420,1,0.0113,77625.33
2024-01-15 09:33:27.008846,AAPL,2024-01-15,184.829,184.8233,184.8346,184.8233,157,-1,0.0113,29017.26
2024-01-15 09:33:28.008889,AAPL,2024-01-15,184.8414,184.8358,184.8471,184.8471,140,1,0.0113,25878.59
2024-01-15 09:33:29.008932,AAPL,2024-01-15,184.9345,184.9289,184.9402,184.9402,591,1,0.0113,109299.67
2024-01-15 09:33:30.008974,AAPL,2024-01-15,184.9483,184.9427,184.954,184.9427,1245,-1,0.0113,230253.63
2024-01-15 09:33:31.009017,AAPL,2024-01-15,184.9758,184.9701,184.9814,184.9814,164,1,0.0113,30336.96
2024-01-15 09:33:32.009060,AAPL,2024-01-15,184.9988,184.9932,185.0045,185.0045,545,1,0.0113,100827.44
2024-01-15 09:33:33.009102,AAPL,2024-01-15,185.0145,185.0089,185.0202,185.0089,2260,-1,0.0113,418120.07
2024-01-15 09:33:34.009145,AAPL,2024-01-15,185.0069,185.0013,185.0126,185.0013,240,-1,0.0113,44400.31
2024-01-15 09:33:35.009188,AAPL,2024-01-15,185.0252,185.0196,185.0309,185.0196,245,-1,0.0113,45329.8
2024-01-15 09:33:36.009231,AAPL,2024-01-15,185.0066,185.0009,185.0123,185.0009,439,-1,0.0113,81215.41
2024-01-15 09:33:37.009273,AAPL,2024-01-15,185.0009,184.9952,185.0066,184.9952,223,-1,0.0113,41253.94
2024-01-15 09:33:38.009316,AAPL,2024-01-15,184.9892,184.9835,184.9949,184.9949,821,1,0.0113,151880.77
2024-01-15 09:33:39.009359,AAPL,2024-01-15,184.9912,184.9855,184.9968,184.9968,202,1,0.0113,37369.36
2024-01-15 09:33:40.009402,AAPL,2024-01-15,185.0469,185.0413,185.0526,185.0413,274,-1,0.0113,50701.31
2024-01-15 09:33:41.009444,AAPL,2024-01-15,185.002,184.9963,185.0076,184.9963,140,-1,0.0113,25899.48
2024-01-15 09:33:42.009487,AAPL,2024-01-15,185.0185,185.0128,185.0241,185.0241,232,1,0.0113,42925.6
2024-01-15 09:33:43.009530,AAPL,2024-01-15,184.9797,184.974,184.9853,184.974,140,-1,0.0113,25896.36
2024-01-15 09:33:44.009573,AAPL,2024-01-15,184.9683,184.9627,184.974,184.974,370,1,0.0113,68440.36
2024-01-15 09:33:45.009615,AAPL,2024-01-15,184.9945,184.9888,185.0002,185.0002,140,1,0.0113,25900.02
2024-01-15 09:33:46.009658,AAPL,2024-01-15,184.996,184.9904,185.0017,185.0017,616,1,0.0113,113961.05
2024-01-15 09:33:47.009701,AAPL,2024-01-15,184.9701,184.9645,184.9758,184.9758,140,1,0.0113,25896.61
2024-01-15 09:33:48.009744,AAPL,2024-01-15,184.9529,184.9473,184.9586,184.9473,1172,-1,0.0113,216758.22
2024-01-15 09:33:49.009786,AAPL,2024-01-15,184.9693,184.9636,184.9749,184.9749,841,1,0.0113,155563.91
2024-01-15 09:33:50.009829,AAPL,2024-01-15,184.9517,184.9461,184.9574,184.9461,430,-1,0.0113,79526.81
2024-01-15 09:33:51.009872,AAPL,2024-01-15,184.9569,184.9513,184.9626,184.9513,140,-1,0.0113,25893.18
2024-01-15 09:33:52.009914,AAPL,2024-01-15,184.958,184.9524,184.9637,184.9637,170,1,0.0113,31443.82
2024-01-15 09:33:53.009957,AAPL,2024-01-15,184.9424,184.9367,184.948,184.9367,140,-1,0.0113,25891.14
2024-01-15 09:33:54.010000,AAPL,2024-01-15,184.9938,184.9882,184.9995,184.9995,150,1,0.0113,27749.92
2024-01-15 09:33:55.010043,AAPL,2024-01-15,185.009,185.0034,185.0147,185.0034,993,-1,0.0113,183708.36
2024-01-15 09:33:56.010085,AAPL,2024-01-15,184.9605,184.9548,184.9661,184.9661,249,1,0.0113,46056.56
2024-01-15 09:33:57.010128,AAPL,2024-01-15,184.9649,184.9593,184.9706,184.9706,166,1,0.0113,30705.12
2024-01-15 09:33:58.010171,AAPL,2024-01-15,184.9491,184.9434,184.9547,184.9434,153,-1,0.0113,28296.34
2024-01-15 09:33:59.010214,AAPL,2024-01-15,184.9695,184.9639,184.9751,184.9639,182,-1,0.0113,33663.42
2024-01-15 09:34:00.010256,AAPL,2024-01-15,184.9505,184.9449,184.9562,184.9449,430,-1,0.0113,79526.29
2024-01-15 09:34:01.010299,AAPL,2024-01-15,184.9478,184.9421,184.9534,184.9421,140,-1,0.0113,25891.9
2024-01-15 09:34:02.010342,AAPL,2024-01-15,184.9599,184.9542,184.9655,184.9542,303,-1,0.0113,56041.13
2024-01-15 09:34:03.010385,AAPL,2024-01-15,184.9806,184.9749,184.9862,184.9862,393,1,0.0113,72699.58
2024-01-15 09:34:04.010427,AAPL,2024-01-15,184.9519,184.9462,184.9575,184.9462,140,-1,0.0113,25892.47
2024-01-15 09:34:05.010470,AAPL,2024-01-15,184.9439,184.9382,184.9495,184.9495,140,1,0.0113,25892.93
2024-01-15 09:34:06.010513,AAPL,2024-01-15,184.9325,184.9269,184.9381,184.9381,269,1,0.0113,49748.36
2024-01-15 09:34:07.010556,AAPL,2024-01-15,184.9169,184.9112,184.9225,184.9225,890,1,0.0113,164581.04
2024-01-15 09:34:08.010598,AAPL,2024-01-15,184.9591,184.9534,184.9647,184.9647,735,1,0.0113,135949.06
2024-01-15 09:34:09.010641,AAPL,2024-01-15,184.9687,184.9631,184.9744,184.9744,171,1,0.0113,31630.62
2024-01-15 09:34:10.010684,AAPL,2024-01-15,184.9386,184.933,184.9443,184.9443,867,1,0.0113,160346.68
2024-01-15 09:34:11.010726,AAPL,2024-01-15,184.9605,184.9549,184.9662,184.9662,216,1,0.0113,39952.7
2024-01-15 09:34:12.010769,AAPL,2024-01-15,185.0112,185.0056,185.0168,185.0056,215,-1,0.0113,39776.2
2024-01-15 09:34:13.010812,AAPL,2024-01-15,185.0359,185.0302,185.0415,185.0302,302,-1,0.0113,55879.13
2024-01-15 09:34:14.010855,AAPL,2024-01-15,184.9996,184.994,185.0052,184.994,549,-1,0.0113,101561.69
2024-01-15 09:34:15.010897,AAPL,2024-01-15,184.9881,184.9824,184.9937,184.9937,171,1,0.0113,31633.92
2024-01-15 09:34:16.010940,AAPL,2024-01-15,185.0183,185.0126,185.0239,185.0126,203,-1,0.0113,37557.57
2024-01-15 09:34:17.010983,AAPL,2024-01-15,185.0014,184.9958,185.007,185.007,140,1,0.0113,25900.98
2024-01-15 09:34:18.011026,AAPL,2024-01-15,185.012,185.0063,185.0176,185.0063,370,-1,0.0113,68452.35
2024-01-15 09:34:19.011068,AAPL,2024-01-15,185.0304,185.0248,185.0361,185.0361,591,1,0.0113,109356.31
2024-01-15 09:34:20.011111,AAPL,2024-01-15,185.0083,185.0027,185.014,185.0027,622,-1,0.0113,115071.69
2024-01-15 09:34:21.011154,AAPL,2024-01-15,185.0069,185.0013,185.0126,185.0126,140,1,0.0113,25901.76
2024-01-15 09:34:22.011197,AAPL,2024-01-15,184.9298,184.9241,184.9354,184.9241,206,-1,0.0112,38094.37
2024-01-15 09:34:23.011239,AAPL,2024-01-15,184.9054,184.8998,184.911,184.8998,759,-1,0.0112,140338.91
2024-01-15 09:34:24.011282,AAPL,2024-01-15,184.8994,184.8937,184.905,184.8937,337,-1,0.0112,62309.19
2024-01-15 09:34:25.011325,AAPL,2024-01-15,184.8697,184.8641,184.8753,184.8753,287,1,0.0112,53059.21
2024-01-15 09:34:26.011368,AAPL,2024-01-15,184.9085,184.9029,184.9141,184.9141,282,1,0.0112,52145.78
2024-01-15 09:34:27.011410,AAPL,2024-01-15,184.8745,184.8689,184.8801,184.8689,432,-1,0.0112,79863.36
2024-01-15 09:34:28.011453,AAPL,2024-01-15,184.864,184.8584,184.8697,184.8697,352,1,0.0112,65074.12
2024-01-15 09:34:29.011496,AAPL,2024-01-15,184.8671,184.8615,184.8728,184.8615,176,-1,0.0112,32535.63
2024-01-15 09:34:30.011538,AAPL,2024-01-15,184.9014,184.8958,184.907,184.907,567,1,0.0112,104842.27
2024-01-15 09:34:31.011581,AAPL,2024-01-15,184.8673,184.8617,184.8729,184.8617,140,-1,0.0112,25880.63
2024-01-15 09:34:32.011624,AAPL,2024-01-15,184.8949,184.8893,184.9005,184.8893,807,-1,0.0112,149205.66
2024-01-15 09:34:33.011667,AAPL,2024-01-15,184.8951,184.8895,184.9008,184.8895,140,-1,0.0112,25884.53
2024-01-15 09:34:34.011709,AAPL,2024-01-15,184.8719,184.8662,184.8775,184.8775,435,1,0.0112,80421.7
2024-01-15 09:34:35.011752,AAPL,2024-01-15,184.8828,184.8772,184.8884,184.8884,245,1,0.0112,45297.67
2024-01-15 09:34:36.011795,AAPL,2024-01-15,184.8875,184.8819,184.8932,184.8819,190,-1,0.0112,35127.57
2024-01-15 09:34:37.011838,AAPL,2024-01-15,184.8733,184.8677,184.8789,184.8677,830,-1,0.0112,153440.19
2024-01-15 09:34:38.011880,AAPL,2024-01-15,184.875,184.8693,184.8806,184.8806,507,1,0.0112,93734.45
2024-01-15 09:34:39.011923,AAPL,2024-01-15,184.8658,184.8602,184.8714,184.8714,266,1,0.0112,49175.8
2024-01-15 09:34:40.011966,AAPL,2024-01-15,184.8685,184.8629,184.8741,184.8629,1132,-1,0.0112,209264.81
2024-01-15 09:34:41.012009,AAPL,2024-01-15,184.8842,184.8786,184.8898,184.8786,613,-1,0.0112,113330.58
2024-01-15 09:34:42.012051,AAPL,2024-01-15,184.9218,184.9162,184.9274,184.9162,145,-1,0.0112,26812.84
2024-01-15 09:34:43.012094,AAPL,2024-01-15,184.8925,184.8868,184.8981,184.8868,140,-1,0.0112,25884.16
2024-01-15 09:34:44.012137,AAPL,2024-01-15,184.9429,184.9373,184.9486,184.9373,304,-1,0.0112,56220.95
2024-01-15 09:34:45.012180,AAPL,2024-01-15,184.8968,184.8911,184.9024,184.9024,847,1,0.0112,156612.3
2024-01-15 09:34:46.012222,AAPL,2024-01-15,184.8932,184.8876,184.8988,184.8988,455,1,0.0112,84128.94
2024-01-15 09:34:47.012265,AAPL,2024-01-15,184.9071,184.9015,184.9127,184.9127,987,1,0.0112,182508.82
2024-01-15 09:34:48.012308,AAPL,2024-01-15,184.9137,184.9081,184.9193,184.9081,172,-1,0.0112,31804.2
2024-01-15 09:34:49.012350,AAPL,2024-01-15,184.899,184.8934,184.9046,184.9046,255,1,0.0112,47150.68
2024-01-15 09:34:50.012393,AAPL,2024-01-15,184.8941,184.8885,184.8997,184.8997,259,1,0.0112,47889.02
2024-01-15 09:34:51.012436,AAPL,2024-01-15,184.8824,184.8768,184.888,184.888,339,1,0.0112,62677.05
2024-01-15 09:34:52.012479,AAPL,2024-01-15,184.8685,184.8629,184.8741,184.8741,517,1,0.0112,95579.92
2024-01-15 09:34:53.012521,AAPL,2024-01-15,184.8886,184.883,184.8942,184.883,1034,-1,0.0112,191169.0
2024-01-15 09:34:54.012564,AAPL,2024-01-15,184.897,184.8914,184.9026,184.8914,1223,-1,0.0112,226122.19
2024-01-15 09:34:55.012607,AAPL,2024-01-15,184.8807,184.8751,184.8863,184.8751,1062,-1,0.0112,196337.3
2024-01-15 09:34:56.012650,AAPL,2024-01-15,184.9019,184.8963,184.9075,184.9075,477,1,0.0112,88200.87
2024-01-15 09:34:57.012692,AAPL,2024-01-15,184.9091,184.9035,184.9147,184.9035,213,-1,0.0112,39384.45
2024-01-15 09:34:58.012735,AAPL,2024-01-15,184.9283,184.9227,184.9339,184.9339,334,1,0.0112,61767.92
2024-01-15 09:34:59.012778,AAPL,2024-01-15,184.9431,184.9375,184.9487,184.9375,472,-1,0.0112,87290.52
2024-01-15 09:35:00.012821,AAPL,2024-01-15,184.9236,184.918,184.9292,184.9292,311,1,0.0112,57512.98
2024-01-15 09:35:01.012863,AAPL,2024-01-15,184.9104,184.9048,184.916,184.916,140,1,0.0112,25888.24
2024-01-15 09:35:02.012906,AAPL,2024-01-15,184.928,184.9224,184.9336,184.9336,193,1,0.0112,35692.19
2024-01-15 09:35:03.012949,AAPL,2024-01-15,184.9424,184.9368,184.948,184.9368,560,-1,0.0112,103564.6
2024-01-15 09:35:04.012992,AAPL,2024-01-15,184.9419,184.9363,184.9475,184.9363,229,-1,0.0112,42350.41
2024-01-15 09:35:05.013034,AAPL,2024-01-15,184.9447,184.9391,184.9502,184.9502,284,1,0.0112,52525.87
2024-01-15 09:35:06.013077,AAPL,2024-01-15,184.9747,184.9691,184.9803,184.9803,261,1,0.0112,48279.86
2024-01-15 09:35:07.013120,AAPL,2024-01-15,184.9608,184.9552,184.9664,184.9552,140,-1,0.0112,25893.73
2024-01-15 09:35:08.013162,AAPL,2024-01-15,184.9737,184.9681,184.9793,184.9793,243,1,0.0112,44949.96
2024-01-15 09:35:09.013205,AAPL,2024-01-15,184.9689,184.9633,184.9745,184.9745,193,1,0.0112,35700.08
2024-01-15 09:35:10.013248,AAPL,2024-01-15,184.9638,184.9582,184.9694,184.9694,159,1,0.0112,29410.13
2024-01-15 09:35:11.013291,AAPL,2024-01-15,184.9896,184.984,184.9952,184.984,140,-1,0.0112,25897.76
2024-01-15 09:35:12.013333,AAPL,2024-01-15,185.009,185.0034,185.0146,185.0146,257,1,0.0112,47548.76
2024-01-15 09:35:13.013376,AAPL,2024-01-15,185.0281,185.0225,185.0337,185.0225,457,-1,0.0112,84555.3
2024-01-15 09:35:14.013419,AAPL,2024-01-15,185.0588,185.0532,185.0644,185.0644,685,1,0.0112,126769.1
2024-01-15 09:35:15.013462,AAPL,2024-01-15,185.0593,185.0537,185.0649,185.0649,139,1,0.0112,25724.02
2024-01-15 09:35:16.013504,AAPL,2024-01-15,185.0753,185.0697,185.0809,185.0809,1012,1,0.0112,187301.86
2024-01-15 09:35:17.013547,AAPL,2024-01-15,185.068,185.0624,185.0736,185.0624,352,-1,0.0112,65141.97
2024-01-15 09:35:18.013590,AAPL,2024-01-15,185.0756,185.07,185.0812,185.0812,139,1,0.0112,25726.29
2024-01-15 09:35:19.013633,AAPL,2024-01-15,185.0726,185.067,185.0782,185.067,201,-1,0.0112,37198.46
2024-01-15 09:35:20.013675,AAPL,2024-01-15,185.0748,185.0693,185.0804,185.0804,139,1,0.0112,25726.18
2024-01-15 09:35:21.013718,AAPL,2024-01-15,185.0888,185.0832,185.0944,185.0944,139,1,0.0112,25728.12
2024-01-15 09:35:22.013761,AAPL,2024-01-15,185.0696,185.064,185.0752,185.064,1108,-1,0.0112,205050.95
2024-01-15 09:35:23.013804,AAPL,2024-01-15,185.1187,185.1131,185.1242,185.1131,159,-1,0.0112,29432.98
2024-01-15 09:35:24.013846,AAPL,2024-01-15,185.0951,185.0895,185.1007,185.1007,429,1,0.0112,79408.19
2024-01-15 09:35:25.013889,AAPL,2024-01-15,185.0666,185.0611,185.0722,185.0611,254,-1,0.0112,47005.51
2024-01-15 09:35:26.013932,AAPL,2024-01-15,185.0938,185.0882,185.0993,185.0882,282,-1,0.0112,52194.87
2024-01-15 09:35:27.013974,AAPL,2024-01-15,185.1123,185.1067,185.1179,185.1179,374,1,0.0112,69234.09
2024-01-15 09:35:28.014017,AAPL,2024-01-15,185.1269,185.1213,185.1325,185.1325,139,1,0.0112,25733.42
2024-01-15 09:35:29.014060,AAPL,2024-01-15,185.1416,185.136,185.1472,185.1472,802,1,0.0112,148488.04
2024-01-15 09:35:30.014103,AAPL,2024-01-15,185.1413,185.1357,185.1469,185.1469,257,1,0.0112,47582.75
2024-01-15 09:35:31.014145,AAPL,2024-01-15,185.1203,185.1148,185.1259,185.1148,185,-1,0.0112,34246.23
2024-01-15 09:35:32.014188,AAPL,2024-01-15,185.1221,185.1165,185.1277,185.1277,405,1,0.0112,74976.71
2024-01-15 09:35:33.014231,AAPL,2024-01-15,185.1063,185.1007,185.1119,185.1119,156,1,0.0112,28877.45
2024-01-15 09:35:34.014274,AAPL,2024-01-15,185.1291,185.1235,185.1346,185.1346,329,1,0.0112,60909.3
2024-01-15 09:35:35.014316,AAPL,2024-01-15,185.1256,185.1201,185.1312,185.1201,244,-1,0.0112,45169.29
2024-01-15 09:35:36.014359,AAPL,2024-01-15,185.1063,185.1008,185.1119,185.1008,493,-1,0.0112,91254.68
2024-01-15 09:35:37.014402,AAPL,2024-01-15,185.0988,185.0933,185.1044,185.1044,234,1,0.0111,43314.43
2024-01-15 09:35:38.014445,AAPL,2024-01-15,185.1085,185.1029,185.1141,185.1141,139,1,0.0111,25730.85
2024-01-15 09:35:39.014487,AAPL,2024-01-15,185.0953,185.0898,185.1009,185.1009,373,1,0.0111,69042.64
2024-01-15 09:35:40.014530,AAPL,2024-01-15,185.0761,185.0706,185.0817,185.0706,225,-1,0.0111,41640.88
2024-01-15 09:35:41.014573,AAPL,2024-01-15,185.0818,185.0763,185.0874,185.0874,139,1,0.0111,25727.15
2024-01-15 09:35:42.014616,AAPL,2024-01-15,185.0875,185.082,185.0931,185.082,327,-1,0.0111,60521.8
2024-01-15 09:35:43.014658,AAPL,2024-01-15,185.0757,185.0701,185.0813,185.0813,181,1,0.0111,33499.71
2024-01-15 09:35:44.014701,AAPL,2024-01-15,185.0647,185.0592,185.0703,185.0592,367,-1,0.0111,67916.71
2024-01-15 09:35:45.014744,AAPL,2024-01-15,185.0701,185.0646,185.0757,185.0646,139,-1,0.0111,25723.98
2024-01-15 09:35:46.014786,AAPL,2024-01-15,185.0364,185.0308,185.042,185.0308,139,-1,0.0111,25719.29
2024-01-15 09:35:47.014829,AAPL,2024-01-15,185.0036,184.998,185.0092,185.0092,718,1,0.0111,132836.59
2024-01-15 09:35:48.014872,AAPL,2024-01-15,184.9869,184.9813,184.9924,184.9813,547,-1,0.0111,101184.78
2024-01-15 09:35:49.014915,AAPL,2024-01-15,184.9819,184.9763,184.9875,184.9875,276,1,0.0111,51056.54
2024-01-15 09:35:50.014957,AAPL,2024-01-15,184.9891,184.9836,184.9947,184.9947,395,1,0.0111,73072.91
2024-01-15 09:35:51.015000,AAPL,2024-01-15,185.0235,185.0179,185.029,185.0179,533,-1,0.0111,98614.55
2024-01-15 09:35:52.015043,AAPL,2024-01-15,185.0434,185.0379,185.049,185.0379,276,-1,0.0111,51070.45
2024-01-15 09:35:53.015086,AAPL,2024-01-15,185.0397,185.0342,185.0453,185.0342,139,-1,0.0111,25719.75
2024-01-15 09:35:54.015128,AAPL,2024-01-15,185.0393,185.0337,185.0448,185.0448,354,1,0.0111,65505.87
2024-01-15 09:35:55.015171,AAPL,2024-01-15,185.016,185.0104,185.0215,185.0104,621,-1,0.0111,114891.46
2024-01-15 09:35:56.015214,AAPL,2024-01-15,185.0155,185.01,185.0211,185.0211,448,1,0.0111,82889.45
2024-01-15 09:35:57.015257,AAPL,2024-01-15,185.0088,185.0033,185.0144,185.0144,291,1,0.0111,53839.19
2024-01-15 09:35:58.015299,AAPL,2024-01-15,185.0163,185.0108,185.0219,185.0108,438,-1,0.0111,81034.71
2024-01-15 09:35:59.015342,AAPL,2024-01-15,184.9971,184.9915,185.0027,185.0027,233,1,0.0111,43105.62
2024-01-15 09:36:00.015385,AAPL,2024-01-15,185.0092,185.0036,185.0147,185.0036,643,-1,0.0111,118957.32
2024-01-15 09:36:01.015428,AAPL,2024-01-15,185.0448,185.0392,185.0503,185.0503,819,1,0.0111,151556.21
2024-01-15 09:36:02.015470,AAPL,2024-01-15,185.0422,185.0367,185.0478,185.0478,139,1,0.0111,25721.64
2024-01-15 09:36:03.015513,AAPL,2024-01-15,185.0516,185.046,185.0571,185.046,681,-1,0.0111,126016.32
2024-01-15 09:36:04.015556,AAPL,2024-01-15,185.0676,185.062,185.0731,185.062,1670,-1,0.0111,309053.56
2024-01-15 09:36:05.015598,AAPL,2024-01-15,185.0583,185.0527,185.0638,185.0638,424,1,0.0111,78467.06
2024-01-15 09:36:06.015641,AAPL,2024-01-15,185.0635,185.0579,185.069,185.069,612,1,0.0111,113262.24
2024-01-15 09:36:07.015684,AAPL,2024-01-15,185.0637,185.0582,185.0693,185.0582,166,-1,0.0111,30719.66
2024-01-15 09:36:08.015727,AAPL,2024-01-15,185.066,185.0605,185.0716,185.0716,185,1,0.0111,34238.24
2024-01-15 09:36:09.015769,AAPL,2024-01-15,185.0481,185.0425,185.0537,185.0537,235,1,0.0111,43487.61
2024-01-15 09:36:10.015812,AAPL,2024-01-15,185.0487,185.0431,185.0542,185.0431,200,-1,0.0111,37008.62
2024-01-15 09:36:11.015855,AAPL,2024-01-15,185.0602,185.0546,185.0658,185.0658,139,1,0.0111,25724.14
2024-01-15 09:36:12.015898,AAPL,2024-01-15,185.0938,185.0883,185.0994,185.0883,242,-1,0.0111,44791.36
2024-01-15 09:36:13.015940,AAPL,2024-01-15,185.116,185.1105,185.1216,185.1105,543,-1,0.0111,100514.98
2024-01-15 09:36:14.015983,AAPL,2024-01-15,185.1659,185.1603,185.1714,185.1603,139,-1,0.0111,25737.28
2024-01-15 09:36:15.016026,AAPL,2024-01-15,185.1481,185.1425,185.1537,185.1537,320,1,0.0111,59249.17
2024-01-15 09:36:16.016069,AAPL,2024-01-15,185.1683,185.1627,185.1738,185.1627,313,-1,0.0111,57955.93
2024-01-15 09:36:17.016111,AAPL,2024-01-15,185.1725,185.167,185.1781,185.1781,218,1,0.0111,40368.82
2024-01-15 09:36:18.016154,AAPL,2024-01-15,185.2232,185.2176,185.2287,185.2287,414,1,0.0111,76684.69
2024-01-15 09:36:19.016197,AAPL,2024-01-15,185.2045,185.1989,185.21,185.21,384,1,0.0111,71120.65
2024-01-15 09:36:20.016240,AAPL,2024-01-15,185.1851,185.1795,185.1906,185.1906,206,1,0.0111,38149.27
2024-01-15 09:36:21.016282,AAPL,2024-01-15,185.1712,185.1657,185.1768,185.1768,650,1,0.0111,120364.89
2024-01-15 09:36:22.016325,AAPL,2024-01-15,185.1221,185.1166,185.1277,185.1277,436,1,0.0111,80715.67
2024-01-15 09:36:23.016368,AAPL,2024-01-15,185.11,185.1045,185.1155,185.1155,981,1,0.0111,181598.35
2024-01-15 09:36:24.016410,AAPL,2024-01-15,185.0925,185.0869,185.098,185.098,263,1,0.0111,48680.78
2024-01-15 09:36:25.016453,AAPL,2024-01-15,185.0959,185.0904,185.1015,185.0904,214,-1,0.0111,39609.34
2024-01-15 09:36:26.016496,AAPL,2024-01-15,185.1038,185.0983,185.1094,185.1094,235,1,0.0111,43500.7
2024-01-15 09:36:27.016539,AAPL,2024-01-15,185.1471,185.1416,185.1527,185.1416,714,-1,0.0111,132191.09
2024-01-15 09:36:28.016581,AAPL,2024-01-15,185.1691,185.1635,185.1746,185.1635,246,-1,0.0111,45550.22
2024-01-15 09:36:29.016624,AAPL,2024-01-15,185.1557,185.1502,185.1613,185.1502,259,-1,0.0111,47953.9
2024-01-15 09:36:30.016667,AAPL,2024-01-15,185.135,185.1295,185.1406,185.1406,1337,1,0.0111,247532.94
2024-01-15 09:36:31.016710,AAPL,2024-01-15,185.1464,185.1408,185.1519,185.1408,139,-1,0.0111,25734.58
2024-01-15 09:36:32.016752,AAPL,2024-01-15,185.1159,185.1104,185.1215,185.1104,370,-1,0.0111,68490.85
2024-01-15 09:36:33.016795,AAPL,2024-01-15,185.1581,185.1526,185.1637,185.1526,264,-1,0.0111,48880.29
2024-01-15 09:36:34.016838,AAPL,2024-01-15,185.1853,185.1798,185.1909,185.1909,227,1,0.0111,42038.32
2024-01-15 09:36:35.016881,AAPL,2024-01-15,185.1745,185.169,185.1801,185.169,139,-1,0.0111,25738.49
2024-01-15 09:36:36.016923,AAPL,2024-01-15,185.1351,185.1295,185.1406,185.1295,162,-1,0.0111,29990.98
2024-01-15 09:36:37.016966,AAPL,2024-01-15,185.1662,185.1607,185.1718,185.1718,200,1,0.0111,37034.35
2024-01-15 09:36:38.017009,AAPL,2024-01-15,185.1636,185.1581,185.1691,185.1581,413,-1,0.0111,76470.28
2024-01-15 09:36:39.017052,AAPL,2024-01-15,185.1921,185.1865,185.1976,185.1865,549,-1,0.0111,101667.41
2024-01-15 09:36:40.017094,AAPL,2024-01-15,185.1554,185.1499,185.1609,185.1499,139,-1,0.0111,25735.83
2024-01-15 09:36:41.017137,AAPL,2024-01-15,185.1416,185.1361,185.1471,185.1471,139,1,0.0111,25735.45
2024-01-15 09:36:42.017180,AAPL,2024-01-15,185.1417,185.1362,185.1473,185.1362,431,-1,0.0111,79793.7
2024-01-15 09:36:43.017222,AAPL,2024-01-15,185.1428,185.1373,185.1483,185.1483,460,1,0.0111,85168.24
2024-01-15 09:36:44.017265,AAPL,2024-01-15,185.1325,185.1269,185.138,185.1269,139,-1,0.0111,25732.64
2024-01-15 09:36:45.017308,AAPL,2024-01-15,185.1468,185.1412,185.1523,185.1523,559,1,0.0111,103500.14
2024-01-15 09:36:46.017351,AAPL,2024-01-15,185.1222,185.1167,185.1278,185.1278,274,1,0.0111,50725.01
2024-01-15 09:36:47.017393,AAPL,2024-01-15,185.119,185.1134,185.1245,185.1245,505,1,0.0111,93487.88
2024-01-15 09:36:48.017436,AAPL,2024-01-15,185.1217,185.1162,185.1273,185.1162,140,-1,0.0111,25916.27
2024-01-15 09:36:49.017479,AAPL,2024-01-15,185.1336,185.128,185.1391,185.128,139,-1,0.0111,25732.79
2024-01-15 09:36:50.017522,AAPL,2024-01-15,185.1499,185.1444,185.1554,185.1554,217,1,0.0111,40178.73
2024-01-15 09:36:51.017564,AAPL,2024-01-15,185.1241,185.1185,185.1296,185.1296,223,1,0.0111,41283.9
2024-01-15 09:36:52.017607,AAPL,2024-01-15,185.0889,185.0833,185.0944,185.0944,214,1,0.0111,39610.2
2024-01-15 09:36:53.017650,AAPL,2024-01-15,185.1182,185.1127,185.1237,185.1127,203,-1,0.0111,37577.87
2024-01-15 09:36:54.017693,AAPL,2024-01-15,185.1258,185.1203,185.1313,185.1313,1076,1,0.0111,199201.32
2024-01-15 09:36:55.017735,AAPL,2024-01-15,185.1086,185.1031,185.1142,185.1142,139,1,0.0111,25730.87
2024-01-15 09:36:56.017778,AAPL,2024-01-15,185.1442,185.1387,185.1497,185.1387,140,-1,0.0111,25919.41
2024-01-15 09:36:57.017821,AAPL,2024-01-15,185.1469,185.1413,185.1524,185.1524,198,1,0.0111,36660.17
2024-01-15 09:36:58.017864,AAPL,2024-01-15,185.1739,185.1684,185.1794,185.1794,282,1,0.0111,52220.59
2024-01-15 09:36:59.017906,AAPL,2024-01-15,185.1754,185.1699,185.181,185.181,490,1,0.0111,90738.67
2024-01-15 09:37:00.017949,AAPL,2024-01-15,185.2226,185.2171,185.2282,185.2171,554,-1,0.0111,102610.27
2024-01-15 09:37:01.017992,AAPL,2024-01-15,185.2628,185.2573,185.2683,185.2573,657,-1,0.011,121714.04
2024-01-15 09:37:02.018034,AAPL,2024-01-15,185.2571,185.2516,185.2626,185.2516,407,-1,0.011,75397.4
2024-01-15 09:37:03.018077,AAPL,2024-01-15,185.2794,185.2738,185.2849,185.2849,139,1,0.011,25754.6
2024-01-15 09:37:04.018120,AAPL,2024-01-15,185.2941,185.2886,185.2997,185.2997,139,1,0.011,25756.65
2024-01-15 09:37:05.018163,AAPL,2024-01-15,185.3254,185.3199,185.331,185.331,694,1,0.011,128619.69
2024-01-15 09:37:06.018205,AAPL,2024-01-15,185.3034,185.2978,185.3089,185.2978,660,-1,0.011,122296.58
2024-01-15 09:37:07.018248,AAPL,2024-01-15,185.3191,185.3135,185.3246,185.3135,461,-1,0.011,85429.54
2024-01-15 09:37:08.018291,AAPL,2024-01-15,185.3433,185.3377,185.3488,185.3377,143,-1,0.011,26503.3
2024-01-15 09:37:09.018334,AAPL,2024-01-15,185.3031,185.2975,185.3086,185.3086,214,1,0.011,39656.04
2024-01-15 09:37:10.018376,AAPL,2024-01-15,185.276,185.2705,185.2815,185.2705,201,-1,0.011,37239.37
2024-01-15 09:37:11.018419,AAPL,2024-01-15,185.2294,185.2239,185.2349,185.2239,138,-1,0.011,25560.9
2024-01-15 09:37:12.018462,AAPL,2024-01-15,185.2233,185.2177,185.2288,185.2288,341,1,0.011,63163.02
2024-01-15 09:37:13.018505,AAPL,2024-01-15,185.2397,185.2341,185.2452,185.2341,1557,-1,0.011,288409.55
2024-01-15 09:37:14.018547,AAPL,2024-01-15,185.274,185.2684,185.2795,185.2684,186,-1,0.011,34459.93
2024-01-15 09:37:15.018590,AAPL,2024-01-15,185.2757,185.2701,185.2812,185.2701,783,-1,0.011,145066.51
2024-01-15 09:37:16.018633,AAPL,2024-01-15,185.3128,185.3073,185.3183,185.3073,138,-1,0.011,25572.41
2024-01-15 09:37:17.018676,AAPL,2024-01-15,185.2813,185.2758,185.2868,185.2868,138,1,0.011,25569.58
2024-01-15 09:37:18.018718,AAPL,2024-01-15,185.2425,185.237,185.248,185.237,611,-1,0.011,113179.78
2024-01-15 09:37:19.018761,AAPL,2024-01-15,185.2412,185.2357,185.2467,185.2357,231,-1,0.011,42789.44
2024-01-15 09:37:20.018804,AAPL,2024-01-15,185.25,185.2444,185.2555,185.2555,766,1,0.011,141905.69
2024-01-15 09:37:21.018846,AAPL,2024-01-15,185.2492,185.2437,185.2547,185.2547,899,1,0.011,166544.0
2024-01-15 09:37:22.018889,AAPL,2024-01-15,185.2021,185.1966,185.2076,185.2076,222,1,0.011,41116.09
2024-01-15 09:37:23.018932,AAPL,2024-01-15,185.2001,185.1945,185.2056,185.2056,812,1,0.011,150386.93
2024-01-15 09:37:24.018975,AAPL,2024-01-15,185.1703,185.1648,185.1759,185.1648,138,-1,0.011,25552.75
2024-01-15 09:37:25.019017,AAPL,2024-01-15,185.1856,185.1801,185.1911,185.1911,138,1,0.011,25556.37
2024-01-15 09:37:26.019060,AAPL,2024-01-15,185.1939,185.1884,185.1995,185.1995,653,1,0.011,120935.24
2024-01-15 09:37:27.019103,AAPL,2024-01-15,185.1725,185.167,185.1781,185.1781,138,1,0.011,25554.57
2024-01-15 09:37:28.019146,AAPL,2024-01-15,185.1608,185.1553,185.1664,185.1664,276,1,0.011,51105.91
2024-01-15 09:37:29.019188,AAPL,2024-01-15,185.1367,185.1312,185.1422,185.1422,753,1,0.011,139412.11
2024-01-15 09:37:30.019231,AAPL,2024-01-15,185.1353,185.1298,185.1408,185.1408,795,1,0.011,147186.95
2024-01-15 09:37:31.019274,AAPL,2024-01-15,185.157,185.1515,185.1625,185.1625,195,1,0.011,36106.7
2024-01-15 09:37:32.019317,AAPL,2024-01-15,185.1346,185.1291,185.1401,185.1291,621,-1,0.011,114965.18
2024-01-15 09:37:33.019359,AAPL,2024-01-15,185.1461,185.1406,185.1516,185.1516,138,1,0.011,25550.92
2024-01-15 09:37:34.019402,AAPL,2024-01-15,185.134,185.1285,185.1395,185.1285,162,-1,0.011,29990.82
2024-01-15 09:37:35.019445,AAPL,2024-01-15,185.116,185.1105,185.1215,185.1215,332,1,0.011,61460.34
2024-01-15 09:37:36.019488,AAPL,2024-01-15,185.1136,185.1081,185.1191,185.1191,374,1,0.011,69234.54
2024-01-15 09:37:37.019530,AAPL,2024-01-15,185.0901,185.0846,185.0956,185.0956,138,1,0.011,25543.19
2024-01-15 09:37:38.019573,AAPL,2024-01-15,185.0775,185.072,185.083,185.083,1230,1,0.011,227652.07
2024-01-15 09:37:39.019616,AAPL,2024-01-15,185.0503,185.0448,185.0558,185.0558,138,1,0.011,25537.7
2024-01-15 09:37:40.019658,AAPL,2024-01-15,185.0949,185.0894,185.1004,185.1004,288,1,0.011,53308.91
2024-01-15 09:37:41.019701,AAPL,2024-01-15,185.0957,185.0902,185.1012,185.1012,323,1,0.011,59787.68
2024-01-15 09:37:42.019744,AAPL,2024-01-15,185.0798,185.0743,185.0853,185.0743,138,-1,0.011,25540.25
2024-01-15 09:37:43.019787,AAPL,2024-01-15,185.0847,185.0792,185.0902,185.0902,798,1,0.011,147701.95
2024-01-15 09:37:44.019829,AAPL,2024-01-15,185.0821,185.0766,185.0876,185.0766,152,-1,0.011,28131.65
2024-01-15 09:37:45.019872,AAPL,2024-01-15,185.0771,185.0716,185.0826,185.0716,299,-1,0.011,55336.41
2024-01-15 09:37:46.019915,AAPL,2024-01-15,185.091,185.0855,185.0965,185.0855,360,-1,0.011,66630.79
2024-01-15 09:37:47.019958,AAPL,2024-01-15,185.1082,185.1027,185.1137,185.1137,138,1,0.011,25545.69
2024-01-15 09:37:48.020000,AAPL,2024-01-15,185.0962,185.0907,185.1017,185.0907,138,-1,0.011,25542.51
2024-01-15 09:37:49.020043,AAPL,2024-01-15,185.0831,185.0776,185.0886,185.0886,967,1,0.011,178980.7
2024-01-15 09:37:50.020086,AAPL,2024-01-15,185.0769,185.0714,185.0824,185.0824,261,1,0.011,48306.51
2024-01-15 09:37:51.020129,AAPL,2024-01-15,185.0248,185.0193,185.0303,185.0303,138,1,0.011,25534.18
2024-01-15 09:37:52.020171,AAPL,2024-01-15,184.9904,184.9849,184.9959,184.9849,217,-1,0.011,40141.73
2024-01-15 09:37:53.020214,AAPL,2024-01-15,185.0214,185.0159,185.0269,185.0269,268,1,0.011,49587.21
2024-01-15 09:37:54.020257,AAPL,2024-01-15,185.0586,185.0531,185.0641,185.0531,329,-1,0.011,60882.48
2024-01-15 09:37:55.020300,AAPL,2024-01-15,185.053,185.0475,185.0585,185.0585,138,1,0.011,25538.07
2024-01-15 09:37:56.020342,AAPL,2024-01-15,185.066,185.0605,185.0715,185.0605,270,-1,0.011,49966.35
2024-01-15 09:37:57.020385,AAPL,2024-01-15,185.0731,185.0676,185.0786,185.0676,141,-1,0.011,26094.53
2024-01-15 09:37:58.020428,AAPL,2024-01-15,185.1427,185.1372,185.1482,185.1372,329,-1,0.011,60910.15
2024-01-15 09:37:59.020470,AAPL,2024-01-15,185.168,185.1625,185.1735,185.1735,414,1,0.011,76661.84
2024-01-15 09:38:00.020513,AAPL,2024-01-15,185.1651,185.1596,185.1706,185.1596,380,-1,0.011,70360.67
2024-01-15 09:38:01.020556,AAPL,2024-01-15,185.1435,185.138,185.149,185.138,850,-1,0.011,157367.34
2024-01-15 09:38:02.020599,AAPL,2024-01-15,185.1072,185.1017,185.1127,185.1127,1596,1,0.011,295439.92
2024-01-15 09:38:03.020641,AAPL,2024-01-15,185.1118,185.1063,185.1173,185.1173,138,1,0.011,25546.19
2024-01-15 09:38:04.020684,AAPL,2024-01-15,185.0947,185.0893,185.1002,185.0893,203,-1,0.011,37573.12
2024-01-15 09:38:05.020727,AAPL,2024-01-15,185.0626,185.0571,185.0681,185.0681,501,1,0.011,92719.13
2024-01-15 09:38:06.020770,AAPL,2024-01-15,185.048,185.0425,185.0535,185.0425,249,-1,0.011,46075.59
2024-01-15 09:38:07.020812,AAPL,2024-01-15,185.0236,185.0181,185.0291,185.0291,138,1,0.011,25534.02
2024-01-15 09:38:08.020855,AAPL,2024-01-15,185.0617,185.0562,185.0672,185.0562,236,-1,0.011,43673.26
2024-01-15 09:38:09.020898,AAPL,2024-01-15,185.0816,185.0761,185.0871,185.0871,741,1,0.011,137149.52
2024-01-15 09:38:10.020941,AAPL,2024-01-15,185.0814,185.0759,185.0869,185.0869,138,1,0.011,25541.99
2024-01-15 09:38:11.020983,AAPL,2024-01-15,185.1148,185.1093,185.1203,185.1203,329,1,0.011,60904.57
2024-01-15 09:38:12.021026,AAPL,2024-01-15,185.1165,185.111,185.122,185.111,138,-1,0.011,25545.32
2024-01-15 09:38:13.021069,AAPL,2024-01-15,185.0971,185.0916,185.1026,185.1026,554,1,0.011,102546.84
2024-01-15 09:38:14.021112,AAPL,2024-01-15,185.1314,185.126,185.1369,185.126,334,-1,0.011,61832.07
2024-01-15 09:38:15.021154,AAPL,2024-01-15,185.1436,185.1381,185.1491,185.1381,174,-1,0.011,32214.03
2024-01-15 09:38:16.021197,AAPL,2024-01-15,185.1202,185.1147,185.1257,185.1257,197,1,0.011,36469.76
2024-01-15 09:38:17.021240,AAPL,2024-01-15,185.1159,185.1105,185.1214,185.1214,138,1,0.011,25546.76
2024-01-15 09:38:18.021282,AAPL,2024-01-15,185.0962,185.0907,185.1017,185.1017,618,1,0.011,114392.85
2024-01-15 09:38:19.021325,AAPL,2024-01-15,185.0651,185.0596,185.0706,185.0706,145,1,0.011,26835.23
2024-01-15 09:38:20.021368,AAPL,2024-01-15,185.0859,185.0804,185.0914,185.0914,412,1,0.011,76257.66
2024-01-15 09:38:21.021411,AAPL,2024-01-15,185.1289,185.1234,185.1344,185.1234,138,-1,0.011,25547.03
2024-01-15 09:38:22.021453,AAPL,2024-01-15,185.0974,185.092,185.1029,185.092,1605,-1,0.011,297072.58
2024-01-15 09:38:23.021496,AAPL,2024-01-15,185.1101,185.1046,185.1156,185.1156,962,1,0.011,178081.19
2024-01-15 09:38:24.021539,AAPL,2024-01-15,185.0955,185.09,185.1009,185.09,1452,-1,0.011,268750.65
2024-01-15 09:38:25.021582,AAPL,2024-01-15,185.0845,185.079,185.09,185.079,1594,-1,0.011,295015.97
2024-01-15 09:38:26.021624,AAPL,2024-01-15,185.0712,185.0657,185.0767,185.0657,165,-1,0.011,30535.84
2024-01-15 09:38:27.021667,AAPL,2024-01-15,185.0518,185.0463,185.0572,185.0463,138,-1,0.011,25536.39
2024-01-15 09:38:28.021710,AAPL,2024-01-15,185.0529,185.0474,185.0583,185.0474,1397,-1,0.011,258511.19
2024-01-15 09:38:29.021753,AAPL,2024-01-15,185.0342,185.0287,185.0397,185.0397,246,1,0.011,45519.76
2024-01-15 09:38:30.021795,AAPL,2024-01-15,185.0403,185.0348,185.0457,185.0348,537,-1,0.011,99363.68
2024-01-15 09:38:31.021838,AAPL,2024-01-15,185.0391,185.0337,185.0446,185.0337,167,-1,0.011,30900.62
2024-01-15 09:38:32.021881,AAPL,2024-01-15,185.0338,185.0283,185.0392,185.0392,170,1,0.011,31456.67
2024-01-15 09:38:33.021924,AAPL,2024-01-15,185.0134,185.0079,185.0189,185.0189,536,1,0.011,99170.11
2024-01-15 09:38:34.021966,AAPL,2024-01-15,185.0004,184.995,185.0059,185.0059,138,1,0.0109,25530.82
2024-01-15 09:38:35.022009,AAPL,2024-01-15,185.0174,185.0119,185.0229,185.0229,516,1,0.0109,95471.8
2024-01-15 09:38:36.022052,AAPL,2024-01-15,185.0286,185.0232,185.0341,185.0341,420,1,0.0109,77714.33
2024-01-15 09:38:37.022094,AAPL,2024-01-15,185.0067,185.0012,185.0122,185.0012,179,-1,0.0109,33115.22
2024-01-15 09:38:38.022137,AAPL,2024-01-15,185.0089,185.0035,185.0144,185.0035,280,-1,0.0109,51800.97
2024-01-15 09:38:39.022180,AAPL,2024-01-15,185.0258,185.0203,185.0313,185.0313,319,1,0.0109,59024.97
2024-01-15 09:38:40.022223,AAPL,2024-01-15,184.9884,184.9829,184.9938,184.9938,332,1,0.0109,61417.95
2024-01-15 09:38:41.022265,AAPL,2024-01-15,185.0005,184.9951,185.006,184.9951,479,-1,0.0109,88612.63
2024-01-15 09:38:42.022308,AAPL,2024-01-15,184.9857,184.9802,184.9912,184.9912,143,1,0.0109,26453.74
2024-01-15 09:38:43.022351,AAPL,2024-01-15,184.9985,184.993,185.0039,185.0039,2390,1,0.0109,442159.41
2024-01-15 09:38:44.022394,AAPL,2024-01-15,184.9814,184.9759,184.9868,184.9759,233,-1,0.0109,43099.38
2024-01-15 09:38:45.022436,AAPL,2024-01-15,184.9409,184.9355,184.9464,184.9464,248,1,0.0109,45866.71
2024-01-15 09:38:46.022479,AAPL,2024-01-15,184.9045,184.899,184.91,184.91,1307,1,0.0109,241677.33
2024-01-15 09:38:47.022522,AAPL,2024-01-15,184.9056,184.9001,184.911,184.911,138,1,0.0109,25517.72
2024-01-15 09:38:48.022565,AAPL,2024-01-15,184.9114,184.9059,184.9169,184.9059,1296,-1,0.0109,239638.08
2024-01-15 09:38:49.022607,AAPL,2024-01-15,184.8912,184.8857,184.8966,184.8857,296,-1,0.0109,54726.16
2024-01-15 09:38:50.022650,AAPL,2024-01-15,184.9054,184.9,184.9109,184.9109,179,1,0.0109,33099.05
2024-01-15 09:38:51.022693,AAPL,2024-01-15,184.8683,184.8628,184.8737,184.8737,138,1,0.0109,25512.58
2024-01-15 09:38:52.022736,AAPL,2024-01-15,184.8668,184.8613,184.8723,184.8613,138,-1,0.0109,25510.86
2024-01-15 09:38:53.022778,AAPL,2024-01-15,184.8397,184.8343,184.8452,184.8343,209,-1,0.0109,38630.36
2024-01-15 09:38:54.022821,AAPL,2024-01-15,184.8251,184.8197,184.8306,184.8197,343,-1,0.0109,63393.15
2024-01-15 09:38:55.022864,AAPL,2024-01-15,184.8262,184.8207,184.8317,184.8207,454,-1,0.0109,83908.62
2024-01-15 09:38:56.022906,AAPL,2024-01-15,184.807,184.8015,184.8124,184.8015,340,-1,0.0109,62832.51
2024-01-15 09:38:57.022949,AAPL,2024-01-15,184.7984,184.7929,184.8038,184.7929,182,-1,0.0109,33632.31
2024-01-15 09:38:58.022992,AAPL,2024-01-15,184.8209,184.8154,184.8263,184.8154,805,-1,0.0109,148776.4
2024-01-15 09:38:59.023035,AAPL,2024-01-15,184.808,184.8025,184.8134,184.8025,2342,-1,0.0109,432807.5
2024-01-15 09:39:00.023077,AAPL,2024-01-15,184.8266,184.8212,184.8321,184.8212,911,-1,0.0109,168372.09
2024-01-15 09:39:01.023120,AAPL,2024-01-15,184.8014,184.796,184.8069,184.8069,206,1,0.0109,38070.22
2024-01-15 09:39:02.023163,AAPL,2024-01-15,184.8132,184.8078,184.8187,184.8078,411,-1,0.0109,75956.0
2024-01-15 09:39:03.023206,AAPL,2024-01-15,184.8454,184.84,184.8509,184.84,433,-1,0.0109,80035.7
2024-01-15 09:39:04.023248,AAPL,2024-01-15,184.7903,184.7848,184.7957,184.7848,994,-1,0.0109,183676.1
2024-01-15 09:39:05.023291,AAPL,2024-01-15,184.7725,184.767,184.778,184.778,209,1,0.0109,38618.59
2024-01-15 09:39:06.023334,AAPL,2024-01-15,184.7854,184.7799,184.7908,184.7799,137,-1,0.0109,25314.85
2024-01-15 09:39:07.023377,AAPL,2024-01-15,184.7808,184.7754,184.7863,184.7754,682,-1,0.0109,126016.81
2024-01-15 09:39:08.023419,AAPL,2024-01-15,184.7891,184.7837,184.7946,184.7946,380,1,0.0109,70221.94
2024-01-15 09:39:09.023462,AAPL,2024-01-15,184.7756,184.7702,184.7811,184.7702,137,-1,0.0109,25313.52
2024-01-15 09:39:10.023505,AAPL,2024-01-15,184.7776,184.7721,184.783,184.7721,483,-1,0.0109,89244.94
2024-01-15 09:39:11.023548,AAPL,2024-01-15,184.7741,184.7687,184.7796,184.7796,1199,1,0.0109,221550.7
2024-01-15 09:39:12.023590,AAPL,2024-01-15,184.8001,184.7947,184.8056,184.8056,157,1,0.0109,29014.48
2024-01-15 09:39:13.023633,AAPL,2024-01-15,184.8058,184.8003,184.8112,184.8003,137,-1,0.0109,25317.65
2024-01-15 09:39:14.023676,AAPL,2024-01-15,184.8133,184.8079,184.8188,184.8188,281,1,0.0109,51934.07
2024-01-15 09:39:15.023718,AAPL,2024-01-15,184.8041,184.7987,184.8096,184.8096,474,1,0.0109,87599.75
2024-01-15 09:39:16.023761,AAPL,2024-01-15,184.7933,184.7878,184.7987,184.7987,259,1,0.0109,47862.87
2024-01-15 09:39:17.023804,AAPL,2024-01-15,184.7837,184.7782,184.7891,184.7891,682,1,0.0109,126026.17
2024-01-15 09:39:18.023847,AAPL,2024-01-15,184.7924,184.787,184.7979,184.7979,339,1,0.0109,62646.48
2024-01-15 09:39:19.023889,AAPL,2024-01-15,184.7831,184.7776,184.7885,184.7885,618,1,0.0109,114199.31
2024-01-15 09:39:20.023932,AAPL,2024-01-15,184.7895,184.7841,184.795,184.7841,154,-1,0.0109,28456.75
2024-01-15 09:39:21.023975,AAPL,2024-01-15,184.8357,184.8302,184.8411,184.8302,137,-1,0.0109,25321.74
2024-01-15 09:39:22.024018,AAPL,2024-01-15,184.855,184.8496,184.8605,184.8496,209,-1,0.0109,38633.56
2024-01-15 09:39:23.024060,AAPL,2024-01-15,184.8478,184.8423,184.8532,184.8532,137,1,0.0109,25324.89
2024-01-15 09:39:24.024103,AAPL,2024-01-15,184.8745,184.869,184.8799,184.8799,381,1,0.0109,70439.25
2024-01-15 09:39:25.024146,AAPL,2024-01-15,184.8654,184.86,184.8709,184.8709,137,1,0.0109,25327.31
2024-01-15 09:39:26.024189,AAPL,2024-01-15,184.8201,184.8147,184.8256,184.8147,191,-1,0.0109,35299.6
2024-01-15 09:39:27.024231,AAPL,2024-01-15,184.7977,184.7923,184.8032,184.7923,218,-1,0.0109,40284.72
2024-01-15 09:39:28.024274,AAPL,2024-01-15,184.7562,184.7508,184.7617,184.7508,137,-1,0.0109,25310.85
2024-01-15 09:39:29.024317,AAPL,2024-01-15,184.7484,184.743,184.7539,184.7539,214,1,0.0109,39537.32
2024-01-15 09:39:30.024360,AAPL,2024-01-15,184.7488,184.7434,184.7543,184.7434,275,-1,0.0109,50804.43
2024-01-15 09:39:31.024402,AAPL,2024-01-15,184.786,184.7806,184.7915,184.7806,760,-1,0.0109,140433.23
2024-01-15 09:39:32.024445,AAPL,2024-01-15,184.7933,184.7878,184.7987,184.7878,137,-1,0.0109,25315.93
2024-01-15 09:39:33.024488,AAPL,2024-01-15,184.7884,184.783,184.7939,184.7939,366,1,0.0109,67634.55
2024-01-15 09:39:34.024530,AAPL,2024-01-15,184.8068,184.8014,184.8122,184.8014,428,-1,0.0109,79094.98
2024-01-15 09:39:35.024573,AAPL,2024-01-15,184.7578,184.7523,184.7632,184.7632,269,1,0.0109,49701.31
2024-01-15 09:39:36.024616,AAPL,2024-01-15,184.763,184.7576,184.7684,184.7576,184,-1,0.0109,33995.39
2024-01-15 09:39:37.024659,AAPL,2024-01-15,184.7801,184.7746,184.7855,184.7855,137,1,0.0109,25315.62
2024-01-15 09:39:38.024701,AAPL,2024-01-15,184.7473,184.7419,184.7528,184.7528,1256,1,0.0109,232049.47
2024-01-15 09:39:39.024744,AAPL,2024-01-15,184.7727,184.7672,184.7781,184.7781,290,1,0.0109,53585.65
2024-01-15 09:39:40.024787,AAPL,2024-01-15,184.7802,184.7747,184.7856,184.7747,213,-1,0.0109,39357.01
2024-01-15 09:39:41.024830,AAPL,2024-01-15,184.771,184.7655,184.7764,184.7764,1501,1,0.0109,277349.38
2024-01-15 09:39:42.024872,AAPL,2024-01-15,184.785,184.7795,184.7904,184.7795,327,-1,0.0109,60422.91
2024-01-15 09:39:43.024915,AAPL,2024-01-15,184.8352,184.8298,184.8407,184.8298,2105,-1,0.0109,389066.73
2024-01-15 09:39:44.024958,AAPL,2024-01-15,184.8393,184.8338,184.8447,184.8338,137,-1,0.0109,25322.23
2024-01-15 09:39:45.025001,AAPL,2024-01-15,184.8448,184.8393,184.8502,184.8393,226,-1,0.0109,41773.69
2024-01-15 09:39:46.025043,AAPL,2024-01-15,184.8346,184.8292,184.84,184.8292,137,-1,0.0109,25321.59
2024-01-15 09:39:47.025086,AAPL,2024-01-15,184.8158,184.8104,184.8212,184.8212,248,1,0.0109,45835.67
2024-01-15 09:39:48.025129,AAPL,2024-01-15,184.8342,184.8287,184.8396,184.8396,247,1,0.0109,45655.38
2024-01-15 09:39:49.025172,AAPL,2024-01-15,184.8152,184.8098,184.8207,184.8098,189,-1,0.0109,34929.05
2024-01-15 09:39:50.025214,AAPL,2024-01-15,184.8168,184.8114,184.8222,184.8222,286,1,0.0109,52859.16
2024-01-15 09:39:51.025257,AAPL,2024-01-15,184.8063,184.8008,184.8117,184.8117,198,1,0.0109,36592.71
2024-01-15 09:39:52.025300,AAPL,2024-01-15,184.8168,184.8114,184.8223,184.8114,251,-1,0.0109,46387.66
2024-01-15 09:39:53.025342,AAPL,2024-01-15,184.8242,184.8188,184.8296,184.8188,149,-1,0.0109,27538.0
2024-01-15 09:39:54.025385,AAPL,2024-01-15,184.8471,184.8417,184.8526,184.8417,871,-1,0.0109,160997.12
2024-01-15 09:39:55.025428,AAPL,2024-01-15,184.8359,184.8304,184.8413,184.8304,137,-1,0.0109,25321.77
2024-01-15 09:39:56.025471,AAPL,2024-01-15,184.8299,184.8245,184.8353,184.8245,325,-1,0.0109,60067.95
2024-01-15 09:39:57.025513,AAPL,2024-01-15,184.8083,184.8029,184.8137,184.8137,137,1,0.0109,25319.48
2024-01-15 09:39:58.025556,AAPL,2024-01-15,184.7985,184.7931,184.8039,184.8039,140,1,0.0109,25872.55
2024-01-15 09:39:59.025599,AAPL,2024-01-15,184.8068,184.8014,184.8123,184.8014,152,-1,0.0109,28089.81
2024-01-15 09:40:00.025642,AAPL,2024-01-15,184.8235,184.8181,184.829,184.829,246,1,0.0109,45467.92
2024-01-15 09:40:01.025684,AAPL,2024-01-15,184.8032,184.7977,184.8086,184.8086,316,1,0.0109,58399.52
2024-01-15 09:40:02.025727,AAPL,2024-01-15,184.8224,184.8169,184.8278,184.8169,137,-1,0.0109,25319.92
2024-01-15 09:40:03.025770,AAPL,2024-01-15,184.8523,184.8468,184.8577,184.8577,196,1,0.0109,36232.11
2024-01-15 09:40:04.025813,AAPL,2024-01-15,184.8614,184.8559,184.8668,184.8668,137,1,0.0109,25326.75
2024-01-15 09:40:05.025855,AAPL,2024-01-15,184.9027,184.8973,184.9082,184.9082,137,1,0.0109,25332.42
2024-01-15 09:40:06.025898,AAPL,2024-01-15,184.8857,184.8803,184.8911,184.8911,680,1,0.0109,125725.96
2024-01-15 09:40:07.025941,AAPL,2024-01-15,184.8583,184.8528,184.8637,184.8637,137,1,0.0109,25326.33
2024-01-15 09:40:08.025984,AAPL,2024-01-15,184.8191,184.8136,184.8245,184.8136,291,-1,0.0109,53780.77
2024-01-15 09:40:09.026026,AAPL,2024-01-15,184.852,184.8466,184.8575,184.8575,1068,1,0.0109,197427.76
2024-01-15 09:40:10.026069,AAPL,2024-01-15,184.8664,184.861,184.8719,184.8719,719,1,0.0109,132922.87
2024-01-15 09:40:11.026112,AAPL,2024-01-15,184.8652,184.8598,184.8706,184.8706,385,1,0.0109,71175.2
2024-01-15 09:40:12.026154,AAPL,2024-01-15,184.8714,184.8659,184.8768,184.8768,270,1,0.0109,49916.74
2024-01-15 09:40:13.026197,AAPL,2024-01-15,184.8466,184.8412,184.852,184.8412,494,-1,0.0109,91311.54
2024-01-15 09:40:14.026240,AAPL,2024-01-15,184.9004,184.895,184.9058,184.9058,367,1,0.0109,67860.45
2024-01-15 09:40:15.026283,AAPL,2024-01-15,184.9033,184.8978,184.9087,184.8978,856,-1,0.0109,158272.55
2024-01-15 09:40:16.026325,AAPL,2024-01-15,184.9057,184.9002,184.9111,184.9111,245,1,0.0109,45303.22
2024-01-15 09:40:17.026368,AAPL,2024-01-15,184.9216,184.9162,184.9271,184.9162,610,-1,0.0108,112798.89
2024-01-15 09:40:18.026411,AAPL,2024-01-15,184.9322,184.9268,184.9376,184.9376,211,1,0.0108,39021.84
2024-01-15 09:40:19.026454,AAPL,2024-01-15,184.9371,184.9317,184.9426,184.9426,1247,1,0.0108,230623.37
2024-01-15 09:40:20.026496,AAPL,2024-01-15,184.9198,184.9143,184.9252,184.9252,240,1,0.0108,44382.04
2024-01-15 09:40:21.026539,AAPL,2024-01-15,184.9301,184.9247,184.9355,184.9247,137,-1,0.0108,25334.68
2024-01-15 09:40:22.026582,AAPL,2024-01-15,184.9715,184.966,184.9769,184.9769,290,1,0.0108,53643.3
2024-01-15 09:40:23.026625,AAPL,2024-01-15,185.001,184.9956,185.0064,185.0064,504,1,0.0108,93243.25
2024-01-15 09:40:24.026667,AAPL,2024-01-15,185.036,185.0306,185.0414,185.0306,1009,-1,0.0108,186695.87
2024-01-15 09:40:25.026710,AAPL,2024-01-15,185.0248,185.0194,185.0302,185.0302,137,1,0.0108,25349.14
2024-01-15 09:40:26.026753,AAPL,2024-01-15,185.0031,184.9976,185.0085,185.0085,137,1,0.0108,25346.16
2024-01-15 09:40:27.026796,AAPL,2024-01-15,185.0003,184.9949,185.0057,184.9949,407,-1,0.0108,75292.92
2024-01-15 09:40:28.026838,AAPL,2024-01-15,185.0015,184.9961,185.0069,185.0069,397,1,0.0108,73447.76
2024-01-15 09:40:29.026881,AAPL,2024-01-15,185.0255,185.0201,185.031,185.0201,137,-1,0.0108,25347.76
2024-01-15 09:40:30.026924,AAPL,2024-01-15,184.9884,184.983,184.9938,184.9938,209,1,0.0108,38663.71
2024-01-15 09:40:31.026966,AAPL,2024-01-15,185.022,185.0165,185.0274,185.0274,218,1,0.0108,40335.97
2024-01-15 09:40:32.027009,AAPL,2024-01-15,185.0185,185.0131,185.0239,185.0239,529,1,0.0108,97877.65
2024-01-15 09:40:33.027052,AAPL,2024-01-15,185.0091,185.0037,185.0145,185.0037,196,-1,0.0108,36260.73
2024-01-15 09:40:34.027095,AAPL,2024-01-15,184.9869,184.9815,184.9924,184.9815,193,-1,0.0108,35701.43
2024-01-15 09:40:35.027137,AAPL,2024-01-15,184.9507,184.9453,184.9561,184.9453,300,-1,0.0108,55483.58
2024-01-15 09:40:36.027180,AAPL,2024-01-15,184.9687,184.9633,184.9741,184.9741,137,1,0.0108,25341.46
2024-01-15 09:40:37.027223,AAPL,2024-01-15,184.9703,184.9649,184.9757,184.9649,1254,-1,0.0108,231945.99
2024-01-15 09:40:38.027266,AAPL,2024-01-15,184.9421,184.9366,184.9475,184.9475,578,1,0.0108,106899.64
2024-01-15 09:40:39.027308,AAPL,2024-01-15,184.9137,184.9083,184.9191,184.9191,156,1,0.0108,28847.38
2024-01-15 09:40:40.027351,AAPL,2024-01-15,184.9063,184.9009,184.9118,184.9009,137,-1,0.0108,25331.43
2024-01-15 09:40:41.027394,AAPL,2024-01-15,184.9429,184.9375,184.9483,184.9483,137,1,0.0108,25337.92
2024-01-15 09:40:42.027437,AAPL,2024-01-15,184.9372,184.9318,184.9426,184.9426,437,1,0.0108,80819.92
2024-01-15 09:40:43.027479,AAPL,2024-01-15,184.9043,184.8989,184.9097,184.9097,137,1,0.0108,25332.63
2024-01-15 09:40:44.027522,AAPL,2024-01-15,184.8989,184.8935,184.9043,184.8935,223,-1,0.0108,41231.25
2024-01-15 09:40:45.027565,AAPL,2024-01-15,184.893,184.8876,184.8984,184.8984,137,1,0.0108,25331.08
2024-01-15 09:40:46.027608,AAPL,2024-01-15,184.834,184.8286,184.8394,184.8394,422,1,0.0108,78002.22
2024-01-15 09:40:47.027650,AAPL,2024-01-15,184.8328,184.8274,184.8382,184.8274,434,-1,0.0108,80215.08
2024-01-15 09:40:48.027693,AAPL,2024-01-15,184.8277,184.8223,184.8332,184.8332,235,1,0.0108,43435.79
2024-01-15 09:40:49.027736,AAPL,2024-01-15,184.843,184.8376,184.8484,184.8484,319,1,0.0108,58966.63
2024-01-15 09:40:50.027778,AAPL,2024-01-15,184.8834,184.878,184.8888,184.878,517,-1,0.0108,95581.91
2024-01-15 09:40:51.027821,AAPL,2024-01-15,184.908,184.9026,184.9134,184.9026,312,-1,0.0108,57689.6
2024-01-15 09:40:52.027864,AAPL,2024-01-15,184.9021,184.8967,184.9075,184.9075,510,1,0.0108,94302.84
2024-01-15 09:40:53.027907,AAPL,2024-01-15,184.8779,184.8725,184.8834,184.8725,136,-1,0.0108,25142.66
2024-01-15 09:40:54.027949,AAPL,2024-01-15,184.9341,184.9287,184.9396,184.9396,369,1,0.0108,68242.69
2024-01-15 09:40:55.027992,AAPL,2024-01-15,184.9354,184.93,184.9408,184.93,319,-1,0.0108,58992.68
2024-01-15 09:40:56.028035,AAPL,2024-01-15,184.9357,184.9303,184.9411,184.9411,716,1,0.0108,132417.86
2024-01-15 09:40:57.028078,AAPL,2024-01-15,184.9352,184.9298,184.9406,184.9406,279,1,0.0108,51598.43
2024-01-15 09:40:58.028120,AAPL,2024-01-15,184.9395,184.9341,184.9449,184.9449,253,1,0.0108,46791.07
2024-01-15 09:40:59.028163,AAPL,2024-01-15,184.9364,184.931,184.9418,184.931,175,-1,0.0108,32362.92
2024-01-15 09:41:00.028206,AAPL,2024-01-15,184.9239,184.9185,184.9293,184.9185,902,-1,0.0108,166796.46
2024-01-15 09:41:01.028249,AAPL,2024-01-15,184.9119,184.9065,184.9174,184.9065,136,-1,0.0108,25147.29
2024-01-15 09:41:02.028291,AAPL,2024-01-15,184.9112,184.9058,184.9166,184.9058,412,-1,0.0108,76181.2
2024-01-15 09:41:03.028334,AAPL,2024-01-15,184.8994,184.894,184.9048,184.9048,268,1,0.0108,49554.48
2024-01-15 09:41:04.028377,AAPL,2024-01-15,184.8838,184.8784,184.8892,184.8892,235,1,0.0108,43448.97
2024-01-15 09:41:05.028420,AAPL,2024-01-15,184.8862,184.8808,184.8916,184.8808,209,-1,0.0108,38640.08
2024-01-15 09:41:06.028462,AAPL,2024-01-15,184.8806,184.8752,184.886,184.8752,261,-1,0.0108,48252.43
2024-01-15 09:41:07.028505,AAPL,2024-01-15,184.9134,184.908,184.9188,184.908,400,-1,0.0108,73963.19
2024-01-15 09:41:08.028548,AAPL,2024-01-15,184.8556,184.8502,184.861,184.861,143,1,0.0108,26435.13
2024-01-15 09:41:09.028590,AAPL,2024-01-15,184.8794,184.874,184.8848,184.8848,303,1,0.0108,56020.1
2024-01-15 09:41:10.028633,AAPL,2024-01-15,184.9065,184.9011,184.9119,184.9119,361,1,0.0108,66753.21
2024-01-15 09:41:11.028676,AAPL,2024-01-15,184.8614,184.856,184.8668,184.8668,136,1,0.0108,25141.88
2024-01-15 09:41:12.028719,AAPL,2024-01-15,184.8539,184.8485,184.8593,184.8593,409,1,0.0108,75607.47
2024-01-15 09:41:13.028761,AAPL,2024-01-15,184.8459,184.8405,184.8513,184.8513,363,1,0.0108,67101.01
2024-01-15 09:41:14.028804,AAPL,2024-01-15,184.8152,184.8098,184.8206,184.8098,143,-1,0.0108,26427.81
2024-01-15 09:41:15.028847,AAPL,2024-01-15,184.7983,184.7929,184.8037,184.8037,136,1,0.0108,25133.3
2024-01-15 09:41:16.028890,AAPL,2024-01-15,184.7742,184.7688,184.7796,184.7796,142,1,0.0108,26238.7
2024-01-15 09:41:17.028932,AAPL,2024-01-15,184.8123,184.8069,184.8177,184.8069,303,-1,0.0108,55996.48
2024-01-15 09:41:18.028975,AAPL,2024-01-15,184.8326,184.8272,184.838,184.838,257,1,0.0108,47503.37
2024-01-15 09:41:19.029018,AAPL,2024-01-15,184.8602,184.8548,184.8656,184.8548,832,-1,0.0108,153799.23
2024-01-15 09:41:20.029061,AAPL,2024-01-15,184.8759,184.8705,184.8813,184.8813,203,1,0.0108,37530.91
2024-01-15 09:41:21.029103,AAPL,2024-01-15,184.8514,184.846,184.8568,184.846,136,-1,0.0108,25139.06
2024-01-15 09:41:22.029146,AAPL,2024-01-15,184.84,184.8346,184.8454,184.8346,462,-1,0.0108,85393.59
2024-01-15 09:41:23.029189,AAPL,2024-01-15,184.8506,184.8452,184.856,184.8452,136,-1,0.0108,25138.95
2024-01-15 09:41:24.029232,AAPL,2024-01-15,184.8241,184.8187,184.8295,184.8295,144,1,0.0108,26615.45
2024-01-15 09:41:25.029274,AAPL,2024-01-15,184.8396,184.8342,184.845,184.845,146,1,0.0108,26987.36
2024-01-15 09:41:26.029317,AAPL,2024-01-15,184.8344,184.829,184.8397,184.8397,136,1,0.0108,25138.21
2024-01-15 09:41:27.029360,AAPL,2024-01-15,184.8262,184.8208,184.8316,184.8208,429,-1,0.0108,79288.13
2024-01-15 09:41:28.029402,AAPL,2024-01-15,184.8416,184.8363,184.847,184.8363,579,-1,0.0108,107020.19
2024-01-15 09:41:29.029445,AAPL,2024-01-15,184.8513,184.8459,184.8567,184.8459,568,-1,0.0108,104992.47
2024-01-15 09:41:30.029488,AAPL,2024-01-15,184.8435,184.8381,184.8488,184.8488,1233,1,0.0108,227918.63
2024-01-15 09:41:31.029531,AAPL,2024-01-15,184.8686,184.8632,184.874,184.8632,911,-1,0.0108,168410.38
2024-01-15 09:41:32.029573,AAPL,2024-01-15,184.8452,184.8398,184.8505,184.8398,209,-1,0.0108,38631.51
2024-01-15 09:41:33.029616,AAPL,2024-01-15,184.8585,184.8531,184.8639,184.8531,662,-1,0.0108,122372.77
2024-01-15 09:41:34.029659,AAPL,2024-01-15,184.8714,184.866,184.8768,184.8768,251,1,0.0108,46404.07
2024-01-15 09:41:35.029702,AAPL,2024-01-15,184.8647,184.8593,184.87,184.8593,193,-1,0.0108,35677.84
2024-01-15 09:41:36.029744,AAPL,2024-01-15,184.8717,184.8663,184.8771,184.8771,148,1,0.0108,27361.81
2024-01-15 09:41:37.029787,AAPL,2024-01-15,184.8446,184.8392,184.85,184.85,219,1,0.0108,40482.15
2024-01-15 09:41:38.029830,AAPL,2024-01-15,184.8646,184.8592,184.87,184.8592,355,-1,0.0108,65625.03
2024-01-15 09:41:39.029873,AAPL,2024-01-15,184.8606,184.8552,184.866,184.866,966,1,0.0108,178580.57
2024-01-15 09:41:40.029915,AAPL,2024-01-15,184.8493,184.8439,184.8547,184.8439,488,-1,0.0108,90203.83
2024-01-15 09:41:41.029958,AAPL,2024-01-15,184.872,184.8666,184.8774,184.8774,146,1,0.0108,26992.1
2024-01-15 09:41:42.030001,AAPL,2024-01-15,184.8568,184.8514,184.8622,184.8622,136,1,0.0108,25141.25
2024-01-15 09:41:43.030044,AAPL,2024-01-15,184.8263,184.8209,184.8317,184.8317,430,1,0.0108,79477.62
2024-01-15 09:41:44.030086,AAPL,2024-01-15,184.7926,184.7872,184.798,184.798,561,1,0.0108,103671.68
2024-01-15 09:41:45.030129,AAPL,2024-01-15,184.8057,184.8003,184.8111,184.8111,727,1,0.0108,134357.68
2024-01-15 09:41:46.030172,AAPL,2024-01-15,184.778,184.7726,184.7834,184.7834,219,1,0.0108,40467.57
2024-01-15 09:41:47.030214,AAPL,2024-01-15,184.816,184.8106,184.8214,184.8106,397,-1,0.0108,73369.8
2024-01-15 09:41:48.030257,AAPL,2024-01-15,184.771,184.7656,184.7763,184.7656,540,-1,0.0108,99773.41
2024-01-15 09:41:49.030300,AAPL,2024-01-15,184.8076,184.8023,184.813,184.8023,136,-1,0.0108,25133.11
2024-01-15 09:41:50.030343,AAPL,2024-01-15,184.8122,184.8068,184.8176,184.8068,339,-1,0.0108,62649.51
2024-01-15 09:41:51.030385,AAPL,2024-01-15,184.8101,184.8047,184.8155,184.8155,562,1,0.0108,103866.3
2024-01-15 09:41:52.030428,AAPL,2024-01-15,184.7983,184.7929,184.8037,184.7929,409,-1,0.0108,75580.32
2024-01-15 09:41:53.030471,AAPL,2024-01-15,184.807,184.8016,184.8123,184.8016,255,-1,0.0108,47124.4
2024-01-15 09:41:54.030514,AAPL,2024-01-15,184.8061,184.8008,184.8115,184.8115,2200,1,0.0108,406585.35
2024-01-15 09:41:55.030556,AAPL,2024-01-15,184.83,184.8246,184.8353,184.8246,1278,-1,0.0108,236205.82
2024-01-15 09:41:56.030599,AAPL,2024-01-15,184.8324,184.8271,184.8378,184.8378,274,1,0.0108,50645.56
2024-01-15 09:41:57.030642,AAPL,2024-01-15,184.8357,184.8303,184.8411,184.8303,233,-1,0.0108,43065.46
2024-01-15 09:41:58.030685,AAPL,2024-01-15,184.8278,184.8225,184.8332,184.8332,477,1,0.0108,88165.44
2024-01-15 09:41:59.030727,AAPL,2024-01-15,184.8266,184.8212,184.832,184.832,260,1,0.0108,48056.31
2024-01-15 09:42:00.030770,AAPL,2024-01-15,184.8332,184.8279,184.8386,184.8386,754,1,0.0108,139368.32
2024-01-15 09:42:01.030813,AAPL,2024-01-15,184.7964,184.791,184.8017,184.8017,136,1,0.0108,25133.04
2024-01-15 09:42:02.030856,AAPL,2024-01-15,184.7673,184.7619,184.7727,184.7619,223,-1,0.0108,41201.9
2024-01-15 09:42:03.030898,AAPL,2024-01-15,184.7833,184.7779,184.7887,184.7779,471,-1,0.0108,87030.4
2024-01-15 09:42:04.030941,AAPL,2024-01-15,184.787,184.7816,184.7924,184.7924,608,1,0.0108,112353.76
2024-01-15 09:42:05.030984,AAPL,2024-01-15,184.783,184.7776,184.7884,184.7884,136,1,0.0108,25131.22
2024-01-15 09:42:06.031026,AAPL,2024-01-15,184.7834,184.778,184.7888,184.7888,136,1,0.0108,25131.28
2024-01-15 09:42:07.031069,AAPL,2024-01-15,184.7909,184.7855,184.7963,184.7855,136,-1,0.0108,25130.83
2024-01-15 09:42:08.031112,AAPL,2024-01-15,184.7793,184.7739,184.7847,184.7847,136,1,0.0108,25130.71
2024-01-15 09:42:09.031155,AAPL,2024-01-15,184.7625,184.7571,184.7679,184.7571,136,-1,0.0107,25126.97
2024-01-15 09:42:10.031197,AAPL,2024-01-15,184.7667,184.7614,184.7721,184.7614,418,-1,0.0107,77230.25
2024-01-15 09:42:11.031240,AAPL,2024-01-15,184.7457,184.7403,184.751,184.7403,327,-1,0.0107,60410.07
2024-01-15 09:42:12.031283,AAPL,2024-01-15,184.7545,184.7491,184.7598,184.7491,239,-1,0.0107,44155.03
2024-01-15 09:42:13.031326,AAPL,2024-01-15,184.7178,184.7124,184.7232,184.7124,277,-1,0.0107,51165.34
2024-01-15 09:42:14.031368,AAPL,2024-01-15,184.74,184.7346,184.7453,184.7346,707,-1,0.0107,130607.35
2024-01-15 09:42:15.031411,AAPL,2024-01-15,184.7501,184.7448,184.7555,184.7448,136,-1,0.0107,25125.29
2024-01-15 09:42:16.031454,AAPL,2024-01-15,184.7556,184.7503,184.761,184.7503,136,-1,0.0107,25126.04
2024-01-15 09:42:17.031497,AAPL,2024-01-15,184.7768,184.7714,184.7821,184.7714,480,-1,0.0107,88690.27
2024-01-15 09:42:18.031539,AAPL,2024-01-15,184.8126,184.8072,184.818,184.8072,198,-1,0.0107,36591.83
2024-01-15 09:42:19.031582,AAPL,2024-01-15,184.8344,184.829,184.8398,184.829,136,-1,0.0107,25136.75
2024-01-15 09:42:20.031625,AAPL,2024-01-15,184.7948,184.7895,184.8002,184.7895,423,-1,0.0107,78165.94
2024-01-15 09:42:21.031668,AAPL,2024-01-15,184.7673,184.7619,184.7727,184.7619,136,-1,0.0107,25127.62
2024-01-15 09:42:22.031710,AAPL,2024-01-15,184.7539,184.7485,184.7593,184.7593,136,1,0.0107,25127.26
2024-01-15 09:42:23.031753,AAPL,2024-01-15,184.7545,184.7491,184.7598,184.7598,136,1,0.0107,25127.34
2024-01-15 09:42:24.031796,AAPL,2024-01-15,184.7656,184.7602,184.7709,184.7602,334,-1,0.0107,61709.91
2024-01-15 09:42:25.031838,AAPL,2024-01-15,184.75,184.7446,184.7554,184.7554,958,1,0.0107,176995.63
2024-01-15 09:42:26.031881,AAPL,2024-01-15,184.754,184.7486,184.7594,184.7594,171,1,0.0107,31593.85
2024-01-15 09:42:27.031924,AAPL,2024-01-15,184.7378,184.7324,184.7431,184.7431,144,1,0.0107,26603.01
2024-01-15 09:42:28.031967,AAPL,2024-01-15,184.7246,184.7193,184.73,184.7193,1133,-1,0.0107,209286.95
2024-01-15 09:42:29.032009,AAPL,2024-01-15,184.6945,184.6891,184.6998,184.6891,449,-1,0.0107,82925.4
2024-01-15 09:42:30.032052,AAPL,2024-01-15,184.6746,184.6693,184.68,184.68,1827,1,0.0107,337410.38
2024-01-15 09:42:31.032095,AAPL,2024-01-15,184.6456,184.6403,184.651,184.651,308,1,0.0107,56872.51
2024-01-15 09:42:32.032138,AAPL,2024-01-15,184.6247,184.6193,184.6301,184.6193,325,-1,0.0107,60001.29
2024-01-15 09:42:33.032180,AAPL,2024-01-15,184.6473,184.6419,184.6527,184.6419,864,-1,0.0107,159530.64
2024-01-15 09:42:34.032223,AAPL,2024-01-15,184.6269,184.6216,184.6323,184.6323,240,1,0.0107,44311.75
2024-01-15 09:42:35.032266,AAPL,2024-01-15,184.6834,184.678,184.6888,184.6888,330,1,0.0107,60947.29
2024-01-15 09:42:36.032309,AAPL,2024-01-15,184.694,184.6886,184.6993,184.6886,136,-1,0.0107,25117.65
2024-01-15 09:42:37.032351,AAPL,2024-01-15,184.6979,184.6926,184.7033,184.6926,1092,-1,0.0107,201684.28
2024-01-15 09:42:38.032394,AAPL,2024-01-15,184.6795,184.6742,184.6849,184.6742,371,-1,0.0107,68514.12
2024-01-15 09:42:39.032437,AAPL,2024-01-15,184.6945,184.6892,184.6999,184.6892,248,-1,0.0107,45802.91
2024-01-15 09:42:40.032480,AAPL,2024-01-15,184.6822,184.6768,184.6876,184.6768,561,-1,0.0107,103603.71
2024-01-15 09:42:41.032522,AAPL,2024-01-15,184.6848,184.6795,184.6902,184.6902,136,1,0.0107,25117.86
2024-01-15 09:42:42.032565,AAPL,2024-01-15,184.7396,184.7343,184.745,184.745,174,1,0.0107,32145.63
2024-01-15 09:42:43.032608,AAPL,2024-01-15,184.7376,184.7322,184.7429,184.7322,422,-1,0.0107,77957.0
2024-01-15 09:42:44.032650,AAPL,2024-01-15,184.7622,184.7568,184.7675,184.7568,281,-1,0.0107,51916.67
2024-01-15 09:42:45.032693,AAPL,2024-01-15,184.7471,184.7418,184.7525,184.7418,387,-1,0.0107,71495.07
2024-01-15 09:42:46.032736,AAPL,2024-01-15,184.7464,184.741,184.7517,184.741,331,-1,0.0107,61149.28
2024-01-15 09:42:47.032779,AAPL,2024-01-15,184.7843,184.7789,184.7896,184.7789,449,-1,0.0107,82965.73
2024-01-15 09:42:48.032821,AAPL,2024-01-15,184.7709,184.7655,184.7762,184.7655,135,-1,0.0107,24943.34
2024-01-15 09:42:49.032864,AAPL,2024-01-15,184.8096,184.8043,184.815,184.815,755,1,0.0107,139535.31
2024-01-15 09:42:50.032907,AAPL,2024-01-15,184.8248,184.8194,184.8301,184.8301,183,1,0.0107,33823.91
2024-01-15 09:42:51.032950,AAPL,2024-01-15,184.8127,184.8074,184.8181,184.8074,284,-1,0.0107,52485.29
2024-01-15 09:42:52.032992,AAPL,2024-01-15,184.8262,184.8209,184.8316,184.8316,167,1,0.0107,30866.88
2024-01-15 09:42:53.033035,AAPL,2024-01-15,184.847,184.8417,184.8524,184.8524,214,1,0.0107,39558.41
2024-01-15 09:42:54.033078,AAPL,2024-01-15,184.8603,184.855,184.8657,184.855,326,-1,0.0107,60262.72
2024-01-15 09:42:55.033121,AAPL,2024-01-15,184.8268,184.8214,184.8321,184.8214,489,-1,0.0107,90377.67
2024-01-15 09:42:56.033163,AAPL,2024-01-15,184.8112,184.8059,184.8166,184.8166,558,1,0.0107,103127.66
2024-01-15 09:42:57.033206,AAPL,2024-01-15,184.806,184.8006,184.8113,184.8006,383,-1,0.0107,70778.63
2024-01-15 09:42:58.033249,AAPL,2024-01-15,184.8044,184.799,184.8097,184.8097,168,1,0.0107,31048.03
2024-01-15 09:42:59.033292,AAPL,2024-01-15,184.8176,184.8123,184.823,184.823,364,1,0.0107,67275.56
2024-01-15 09:43:00.033334,AAPL,2024-01-15,184.8214,184.8161,184.8268,184.8161,328,-1,0.0107,60619.67
2024-01-15 09:43:01.033377,AAPL,2024-01-15,184.7929,184.7876,184.7983,184.7876,283,-1,0.0107,52294.88
2024-01-15 09:43:02.033420,AAPL,2024-01-15,184.801,184.7957,184.8064,184.8064,415,1,0.0107,76694.65
2024-01-15 09:43:03.033462,AAPL,2024-01-15,184.8141,184.8087,184.8194,184.8194,135,1,0.0107,24950.62
2024-01-15 09:43:04.033505,AAPL,2024-01-15,184.826,184.8206,184.8313,184.8313,135,1,0.0107,24952.23
2024-01-15 09:43:05.033548,AAPL,2024-01-15,184.849,184.8437,184.8544,184.8437,703,-1,0.0107,129945.11
2024-01-15 09:43:06.033591,AAPL,2024-01-15,184.8668,184.8615,184.8722,184.8615,244,-1,0.0107,45106.2
2024-01-15 09:43:07.033633,AAPL,2024-01-15,184.8766,184.8713,184.882,184.882,377,1,0.0107,69700.5
2024-01-15 09:43:08.033676,AAPL,2024-01-15,184.8751,184.8698,184.8805,184.8805,135,1,0.0107,24958.86
2024-01-15 09:43:09.033719,AAPL,2024-01-15,184.8397,184.8344,184.8451,184.8344,743,-1,0.0107,137331.94
2024-01-15 09:43:10.033762,AAPL,2024-01-15,184.8489,184.8435,184.8542,184.8435,358,-1,0.0107,66173.98
2024-01-15 09:43:11.033804,AAPL,2024-01-15,184.8533,184.8479,184.8586,184.8479,234,-1,0.0107,43254.42
2024-01-15 09:43:12.033847,AAPL,2024-01-15,184.8591,184.8537,184.8644,184.8644,340,1,0.0107,62853.91
2024-01-15 09:43:13.033890,AAPL,2024-01-15,184.8319,184.8265,184.8372,184.8265,135,-1,0.0107,24951.58
2024-01-15 09:43:14.033933,AAPL,2024-01-15,184.8089,184.8035,184.8142,184.8142,365,1,0.0107,67457.19
2024-01-15 09:43:15.033975,AAPL,2024-01-15,184.8313,184.8259,184.8366,184.8366,891,1,0.0107,164689.45
2024-01-15 09:43:16.034018,AAPL,2024-01-15,184.8305,184.8251,184.8358,184.8358,348,1,0.0107,64322.86
2024-01-15 09:43:17.034061,AAPL,2024-01-15,184.845,184.8396,184.8503,184.8503,314,1,0.0107,58042.99
2024-01-15 09:43:18.034104,AAPL,2024-01-15,184.8456,184.8402,184.8509,184.8402,210,-1,0.0107,38816.44
2024-01-15 09:43:19.034146,AAPL,2024-01-15,184.8462,184.8408,184.8515,184.8408,644,-1,0.0107,119037.5
2024-01-15 09:43:20.034189,AAPL,2024-01-15,184.8662,184.8608,184.8715,184.8608,725,-1,0.0107,134024.08
2024-01-15 09:43:21.034232,AAPL,2024-01-15,184.8552,184.8498,184.8605,184.8605,191,1,0.0107,35308.36
2024-01-15 09:43:22.034274,AAPL,2024-01-15,184.8572,184.8519,184.8626,184.8626,360,1,0.0107,66550.52
2024-01-15 09:43:23.034317,AAPL,2024-01-15,184.8474,184.842,184.8527,184.8527,325,1,0.0107,60077.14
2024-01-15 09:43:24.034360,AAPL,2024-01-15,184.8382,184.8328,184.8435,184.8328,372,-1,0.0107,68757.81
2024-01-15 09:43:25.034403,AAPL,2024-01-15,184.8316,184.8262,184.8369,184.8262,145,-1,0.0107,26799.8
2024-01-15 09:43:26.034445,AAPL,2024-01-15,184.8363,184.831,184.8416,184.8416,675,1,0.0107,124768.11
2024-01-15 09:43:27.034488,AAPL,2024-01-15,184.8261,184.8208,184.8315,184.8315,425,1,0.0107,78553.38
2024-01-15 09:43:28.034531,AAPL,2024-01-15,184.8528,184.8475,184.8581,184.8581,709,1,0.0107,131064.43
2024-01-15 09:43:29.034574,AAPL,2024-01-15,184.8338,184.8285,184.8391,184.8285,135,-1,0.0107,24951.84
2024-01-15 09:43:30.034616,AAPL,2024-01-15,184.8298,184.8245,184.8352,184.8245,135,-1,0.0107,24951.31
2024-01-15 09:43:31.034659,AAPL,2024-01-15,184.8205,184.8152,184.8258,184.8258,1407,1,0.0107,260049.96
2024-01-15 09:43:32.034702,AAPL,2024-01-15,184.8512,184.8459,184.8566,184.8566,677,1,0.0107,125147.89
2024-01-15 09:43:33.034745,AAPL,2024-01-15,184.8554,184.8501,184.8607,184.8607,140,1,0.0107,25880.5
2024-01-15 09:43:34.034787,AAPL,2024-01-15,184.8773,184.8719,184.8826,184.8826,542,1,0.0107,100206.38
2024-01-15 09:43:35.034830,AAPL,2024-01-15,184.8458,184.8404,184.8511,184.8404,185,-1,0.0107,34195.48
2024-01-15 09:43:36.034873,AAPL,2024-01-15,184.8514,184.8461,184.8568,184.8461,135,-1,0.0107,24954.22
2024-01-15 09:43:37.034916,AAPL,2024-01-15,184.8703,184.865,184.8756,184.8756,135,1,0.0107,24958.21
2024-01-15 09:43:38.034958,AAPL,2024-01-15,184.872,184.8667,184.8774,184.8774,265,1,0.0107,48992.51
2024-01-15 09:43:39.035001,AAPL,2024-01-15,184.8946,184.8893,184.9,184.8893,944,-1,0.0107,174535.5
2024-01-15 09:43:40.035044,AAPL,2024-01-15,184.8837,184.8783,184.889,184.8783,914,-1,0.0107,168978.8
2024-01-15 09:43:41.035086,AAPL,2024-01-15,184.9135,184.9082,184.9189,184.9189,742,1,0.0107,137209.81
2024-01-15 09:43:42.035129,AAPL,2024-01-15,184.9623,184.9569,184.9676,184.9569,525,-1,0.0107,97102.38
2024-01-15 09:43:43.035172,AAPL,2024-01-15,184.9546,184.9492,184.9599,184.9492,348,-1,0.0107,64362.33
2024-01-15 09:43:44.035215,AAPL,2024-01-15,184.9451,184.9398,184.9505,184.9505,679,1,0.0107,125581.37
2024-01-15 09:43:45.035257,AAPL,2024-01-15,184.9759,184.9706,184.9812,184.9706,135,-1,0.0107,24971.03
2024-01-15 09:43:46.035300,AAPL,2024-01-15,185.0094,185.004,185.0147,185.004,597,-1,0.0107,110447.4
2024-01-15 09:43:47.035343,AAPL,2024-01-15,184.9983,184.993,185.0036,184.993,135,-1,0.0107,24974.05
2024-01-15 09:43:48.035386,AAPL,2024-01-15,184.9894,184.9841,184.9947,184.9947,135,1,0.0107,24974.29
2024-01-15 09:43:49.035428,AAPL,2024-01-15,184.9834,184.9781,184.9888,184.9888,471,1,0.0107,87129.71
2024-01-15 09:43:50.035471,AAPL,2024-01-15,184.955,184.9497,184.9603,184.9603,568,1,0.0107,105057.46
2024-01-15 09:43:51.035514,AAPL,2024-01-15,184.9355,184.9302,184.9409,184.9302,165,-1,0.0107,30513.49
2024-01-15 09:43:52.035557,AAPL,2024-01-15,184.9143,184.909,184.9196,184.9196,453,1,0.0107,83768.6
2024-01-15 09:43:53.035599,AAPL,2024-01-15,184.8981,184.8927,184.9034,184.8927,423,-1,0.0107,78209.63
2024-01-15 09:43:54.035642,AAPL,2024-01-15,184.8973,184.892,184.9027,184.892,209,-1,0.0107,38642.43
2024-01-15 09:43:55.035685,AAPL,2024-01-15,184.9023,184.897,184.9076,184.9076,305,1,0.0107,56396.82
2024-01-15 09:43:56.035728,AAPL,2024-01-15,184.9351,184.9297,184.9404,184.9297,1429,-1,0.0107,264264.58
2024-01-15 09:43:57.035770,AAPL,2024-01-15,184.914,184.9086,184.9193,184.9193,215,1,0.0107,39757.65
2024-01-15 09:43:58.035813,AAPL,2024-01-15,184.9348,184.9294,184.9401,184.9401,221,1,0.0107,40871.76
2024-01-15 09:43:59.035856,AAPL,2024-01-15,184.9302,184.9249,184.9356,184.9356,304,1,0.0107,56220.41
2024-01-15 09:44:00.035898,AAPL,2024-01-15,184.9292,184.9239,184.9345,184.9239,232,-1,0.0107,42902.34
2024-01-15 09:44:01.035941,AAPL,2024-01-15,184.9434,184.9381,184.9488,184.9381,508,-1,0.0107,93948.56
2024-01-15 09:44:02.035984,AAPL,2024-01-15,184.9197,184.9144,184.9251,184.9251,875,1,0.0107,161809.43
2024-01-15 09:44:03.036027,AAPL,2024-01-15,184.9278,184.9225,184.9331,184.9225,221,-1,0.0107,40867.87
2024-01-15 09:44:04.036069,AAPL,2024-01-15,184.9313,184.926,184.9367,184.926,135,-1,0.0107,24965.01
2024-01-15 09:44:05.036112,AAPL,2024-01-15,184.9417,184.9364,184.947,184.947,1311,1,0.0107,242465.58
2024-01-15 09:44:06.036155,AAPL,2024-01-15,184.9478,184.9425,184.9532,184.9532,297,1,0.0107,54931.09
2024-01-15 09:44:07.036198,AAPL,2024-01-15,184.9996,184.9943,185.005,185.005,135,1,0.0107,24975.67
2024-01-15 09:44:08.036240,AAPL,2024-01-15,184.9862,184.9809,184.9915,184.9809,1199,-1,0.0107,221792.04
2024-01-15 09:44:09.036283,AAPL,2024-01-15,184.975,184.9697,184.9803,184.9697,665,-1,0.0107,123004.82
2024-01-15 09:44:10.036326,AAPL,2024-01-15,184.9618,184.9565,184.9672,184.9672,973,1,0.0107,179973.05
2024-01-15 09:44:11.036369,AAPL,2024-01-15,184.9501,184.9448,184.9554,184.9554,850,1,0.0106,157212.13
2024-01-15 09:44:12.036411,AAPL,2024-01-15,184.9367,184.9314,184.942,184.942,2242,1,0.0106,414639.98
2024-01-15 09:44:13.036454,AAPL,2024-01-15,184.9617,184.9564,184.9671,184.9671,135,1,0.0106,24970.55
2024-01-15 09:44:14.036497,AAPL,2024-01-15,184.9917,184.9864,184.997,184.997,141,1,0.0106,26084.58
2024-01-15 09:44:15.036540,AAPL,2024-01-15,184.9797,184.9743,184.985,184.985,181,1,0.0106,33482.28
2024-01-15 09:44:16.036582,AAPL,2024-01-15,184.9621,184.9568,184.9674,184.9568,177,-1,0.0106,32737.35
2024-01-15 09:44:17.036625,AAPL,2024-01-15,184.9721,184.9667,184.9774,184.9667,297,-1,0.0106,54935.12
2024-01-15 09:44:18.036668,AAPL,2024-01-15,184.9604,184.9551,184.9657,184.9657,182,1,0.0106,33663.77
2024-01-15 09:44:19.036710,AAPL,2024-01-15,184.9737,184.9684,184.9791,184.9791,135,1,0.0106,24972.17
2024-01-15 09:44:20.036753,AAPL,2024-01-15,184.978,184.9727,184.9833,184.9833,135,1,0.0106,24972.75
2024-01-15 09:44:21.036796,AAPL,2024-01-15,184.9461,184.9408,184.9514,184.9514,213,1,0.0106,39394.66
2024-01-15 09:44:22.036839,AAPL,2024-01-15,184.9787,184.9734,184.984,184.9734,674,-1,0.0106,124672.05
2024-01-15 09:44:23.036881,AAPL,2024-01-15,185.0165,185.0112,185.0218,185.0112,170,-1,0.0106,31451.9
2024-01-15 09:44:24.036924,AAPL,2024-01-15,185.0036,184.9983,185.0089,185.0089,516,1,0.0106,95464.59
2024-01-15 09:44:25.036967,AAPL,2024-01-15,184.9954,184.9901,185.0007,185.0007,135,1,0.0106,24975.1
2024-01-15 09:44:26.037010,AAPL,2024-01-15,185.0014,184.9961,185.0068,185.0068,135,1,0.0106,24975.91
2024-01-15 09:44:27.037052,AAPL,2024-01-15,185.0085,185.0032,185.0138,185.0138,241,1,0.0106,44588.32
2024-01-15 09:44:28.037095,AAPL,2024-01-15,185.0223,185.017,185.0276,185.017,164,-1,0.0106,30342.79
2024-01-15 09:44:29.037138,AAPL,2024-01-15,185.0646,185.0593,185.0699,185.0699,135,1,0.0106,24984.44
2024-01-15 09:44:30.037181,AAPL,2024-01-15,185.0609,185.0555,185.0662,185.0555,135,-1,0.0106,24982.5
2024-01-15 09:44:31.037223,AAPL,2024-01-15,185.0441,185.0388,185.0494,185.0388,152,-1,0.0106,28125.89
2024-01-15 09:44:32.037266,AAPL,2024-01-15,185.0151,185.0098,185.0204,185.0204,135,1,0.0106,24977.76
2024-01-15 09:44:33.037309,AAPL,2024-01-15,184.9997,184.9944,185.0051,185.0051,135,1,0.0106,24975.68
2024-01-15 09:44:34.037352,AAPL,2024-01-15,184.999,184.9937,185.0044,184.9937,135,-1,0.0106,24974.15
2024-01-15 09:44:35.037394,AAPL,2024-01-15,185.0367,185.0314,185.0421,185.0421,134,1,0.0106,24795.63
2024-01-15 09:44:36.037437,AAPL,2024-01-15,185.0259,185.0206,185.0312,185.0312,134,1,0.0106,24794.18
2024-01-15 09:44:37.037480,AAPL,2024-01-15,185.0306,185.0253,185.0359,185.0359,1932,1,0.0106,357489.32
2024-01-15 09:44:38.037522,AAPL,2024-01-15,185.0302,185.0249,185.0355,185.0249,256,-1,0.0106,47366.38
2024-01-15 09:44:39.037565,AAPL,2024-01-15,185.0552,185.0498,185.0605,185.0605,913,1,0.0106,168960.21
2024-01-15 09:44:40.037608,AAPL,2024-01-15,185.1082,185.1029,185.1135,185.1029,233,-1,0.0106,43128.97
2024-01-15 09:44:41.037651,AAPL,2024-01-15,185.097,185.0917,185.1024,185.0917,240,-1,0.0106,44422.02
2024-01-15 09:44:42.037693,AAPL,2024-01-15,185.0868,185.0815,185.0921,185.0815,344,-1,0.0106,63668.02
2024-01-15 09:44:43.037736,AAPL,2024-01-15,185.1087,185.1034,185.114,185.114,449,1,0.0106,83116.18
2024-01-15 09:44:44.037779,AAPL,2024-01-15,185.123,185.1177,185.1283,185.1177,134,-1,0.0106,24805.77
2024-01-15 09:44:45.037822,AAPL,2024-01-15,185.1617,185.1564,185.167,185.167,198,1,0.0106,36663.07
2024-01-15 09:44:46.037864,AAPL,2024-01-15,185.1739,185.1686,185.1792,185.1792,343,1,0.0106,63516.48
2024-01-15 09:44:47.037907,AAPL,2024-01-15,185.1664,185.1611,185.1717,185.1611,134,-1,0.0106,24811.59
2024-01-15 09:44:48.037950,AAPL,2024-01-15,185.1788,185.1735,185.1841,185.1841,760,1,0.0106,140739.91
2024-01-15 09:44:49.037993,AAPL,2024-01-15,185.202,185.1967,185.2073,185.1967,631,-1,0.0106,116859.12
2024-01-15 09:44:50.038035,AAPL,2024-01-15,185.2192,185.2139,185.2245,185.2245,134,1,0.0106,24820.08
2024-01-15 09:44:51.038078,AAPL,2024-01-15,185.2298,185.2245,185.2351,185.2245,134,-1,0.0106,24820.08
2024-01-15 09:44:52.038121,AAPL,2024-01-15,185.2522,185.2468,185.2575,185.2468,292,-1,0.0106,54092.08
2024-01-15 09:44:53.038164,AAPL,2024-01-15,185.2766,185.2713,185.2819,185.2713,528,-1,0.0106,97823.26
2024-01-15 09:44:54.038206,AAPL,2024-01-15,185.3056,185.3003,185.3109,185.3109,914,1,0.0106,169374.15
2024-01-15 09:44:55.038249,AAPL,2024-01-15,185.3192,185.3138,185.3245,185.3245,161,1,0.0106,29837.24
2024-01-15 09:44:56.038292,AAPL,2024-01-15,185.3157,185.3103,185.321,185.3103,1749,-1,0.0106,324107.8
2024-01-15 09:44:57.038334,AAPL,2024-01-15,185.3187,185.3134,185.324,185.3134,258,-1,0.0106,47810.86
2024-01-15 09:44:58.038377,AAPL,2024-01-15,185.344,185.3387,185.3493,185.3493,225,1,0.0106,41703.59
2024-01-15 09:44:59.038420,AAPL,2024-01-15,185.3269,185.3216,185.3322,185.3322,421,1,0.0106,78024.85
2024-01-15 09:45:00.038463,AAPL,2024-01-15,185.3346,185.3293,185.3399,185.3399,345,1,0.0106,63942.26
2024-01-15 09:45:01.038505,AAPL,2024-01-15,185.3264,185.3211,185.3317,185.3317,330,1,0.0106,61159.45
2024-01-15 09:45:02.038548,AAPL,2024-01-15,185.327,185.3217,185.3323,185.3323,1330,1,0.0106,246491.92
2024-01-15 09:45:03.038591,AAPL,2024-01-15,185.3537,185.3484,185.359,185.3484,327,-1,0.0106,60608.92
2024-01-15 09:45:04.038634,AAPL,2024-01-15,185.3577,185.3524,185.363,185.363,134,1,0.0106,24838.64
2024-01-15 09:45:05.038676,AAPL,2024-01-15,185.3586,185.3533,185.364,185.364,137,1,0.0106,25394.86
2024-01-15 09:45:06.038719,AAPL,2024-01-15,185.3302,185.3249,185.3355,185.3249,874,-1,0.0106,161973.99
2024-01-15 09:45:07.038762,AAPL,2024-01-15,185.3458,185.3405,185.3511,185.3511,464,1,0.0106,86002.92
2024-01-15 09:45:08.038805,AAPL,2024-01-15,185.3593,185.354,185.3646,185.354,134,-1,0.0106,24837.44
2024-01-15 09:45:09.038847,AAPL,2024-01-15,185.4045,185.3992,185.4098,185.3992,134,-1,0.0106,24843.49
2024-01-15 09:45:10.038890,AAPL,2024-01-15,185.3981,185.3928,185.4034,185.3928,274,-1,0.0106,50797.61
2024-01-15 09:45:11.038933,AAPL,2024-01-15,185.4026,185.3973,185.4079,185.3973,440,-1,0.0106,81574.82
2024-01-15 09:45:12.038976,AAPL,2024-01-15,185.4078,185.4025,185.4131,185.4025,156,-1,0.0106,28922.8
2024-01-15 09:45:13.039018,AAPL,2024-01-15,185.4408,185.4355,185.4461,185.4461,134,1,0.0106,24849.77
2024-01-15 09:45:14.039061,AAPL,2024-01-15,185.4388,185.4335,185.4441,185.4335,134,-1,0.0106,24848.08
2024-01-15 09:45:15.039104,AAPL,2024-01-15,185.4446,185.4393,185.4499,185.4393,1004,-1,0.0106,186181.04
2024-01-15 09:45:16.039146,AAPL,2024-01-15,185.4573,185.452,185.4626,185.4626,399,1,0.0106,73999.56
2024-01-15 09:45:17.039189,AAPL,2024-01-15,185.4612,185.4559,185.4665,185.4665,599,1,0.0106,111094.41
2024-01-15 09:45:18.039232,AAPL,2024-01-15,185.4518,185.4465,185.4571,185.4465,682,-1,0.0106,126474.55
2024-01-15 09:45:19.039275,AAPL,2024-01-15,185.4559,185.4506,185.4612,185.4506,162,-1,0.0106,30043.0
2024-01-15 09:45:20.039317,AAPL,2024-01-15,185.4783,185.473,185.4836,185.4836,199,1,0.0106,36911.23
2024-01-15 09:45:21.039360,AAPL,2024-01-15,185.4569,185.4516,185.4622,185.4516,234,-1,0.0106,43395.67
2024-01-15 09:45:22.039403,AAPL,2024-01-15,185.4596,185.4544,185.4649,185.4544,375,-1,0.0106,69545.38
2024-01-15 09:45:23.039446,AAPL,2024-01-15,185.4451,185.4398,185.4504,185.4398,643,-1,0.0106,119237.77
2024-01-15 09:45:24.039488,AAPL,2024-01-15,185.47,185.4647,185.4753,185.4647,1200,-1,0.0106,222557.59
2024-01-15 09:45:25.039531,AAPL,2024-01-15,185.4382,185.4329,185.4435,185.4435,515,1,0.0106,95503.42
2024-01-15 09:45:26.039574,AAPL,2024-01-15,185.4266,185.4213,185.4319,185.4213,517,-1,0.0106,95862.81
2024-01-15 09:45:27.039617,AAPL,2024-01-15,185.4344,185.4292,185.4397,185.4292,1256,-1,0.0106,232899.02
2024-01-15 09:45:28.039659,AAPL,2024-01-15,185.467,185.4617,185.4723,185.4617,227,-1,0.0106,42099.82
2024-01-15 09:45:29.039702,AAPL,2024-01-15,185.4657,185.4604,185.471,185.4604,695,-1,0.0106,128894.96
2024-01-15 09:45:30.039745,AAPL,2024-01-15,185.4541,185.4488,185.4594,185.4594,426,1,0.0106,79005.71
2024-01-15 09:45:31.039788,AAPL,2024-01-15,185.4933,185.488,185.4985,185.4985,439,1,0.0106,81433.86
2024-01-15 09:45:32.039830,AAPL,2024-01-15,185.4631,185.4578,185.4684,185.4684,225,1,0.0106,41730.4
2024-01-15 09:45:33.039873,AAPL,2024-01-15,185.4174,185.4121,185.4227,185.4121,134,-1,0.0106,24845.22
2024-01-15 09:45:34.039916,AAPL,2024-01-15,185.4265,185.4213,185.4318,185.4213,353,-1,0.0106,65453.7
2024-01-15 09:45:35.039958,AAPL,2024-01-15,185.4161,185.4108,185.4214,185.4214,354,1,0.0106,65639.18
2024-01-15 09:45:36.040001,AAPL,2024-01-15,185.3949,185.3896,185.4002,185.3896,169,-1,0.0106,31330.84
2024-01-15 09:45:37.040044,AAPL,2024-01-15,185.4096,185.4043,185.4149,185.4043,248,-1,0.0106,45980.27
2024-01-15 09:45:38.040087,AAPL,2024-01-15,185.4147,185.4094,185.42,185.42,134,1,0.0106,24846.27
2024-01-15 09:45:39.040129,AAPL,2024-01-15,185.403,185.3977,185.4082,185.4082,134,1,0.0106,24844.7
2024-01-15 09:45:40.040172,AAPL,2024-01-15,185.3764,185.3711,185.3816,185.3816,182,1,0.0106,33739.46
2024-01-15 09:45:41.040215,AAPL,2024-01-15,185.3945,185.3892,185.3998,185.3892,134,-1,0.0106,24842.15
2024-01-15 09:45:42.040258,AAPL,2024-01-15,185.408,185.4027,185.4133,185.4027,168,-1,0.0106,31147.65
2024-01-15 09:45:43.040300,AAPL,2024-01-15,185.4059,185.4006,185.4112,185.4112,475,1,0.0106,88070.32
2024-01-15 09:45:44.040343,AAPL,2024-01-15,185.4443,185.439,185.4495,185.4495,861,1,0.0106,159672.06
2024-01-15 09:45:45.040386,AAPL,2024-01-15,185.422,185.4168,185.4273,185.4168,1413,-1,0.0106,261993.88
2024-01-15 09:45:46.040429,AAPL,2024-01-15,185.3904,185.3851,185.3957,185.3851,194,-1,0.0106,35964.71
2024-01-15 09:45:47.040471,AAPL,2024-01-15,185.376,185.3707,185.3813,185.3707,701,-1,0.0106,129944.89
2024-01-15 09:45:48.040514,AAPL,2024-01-15,185.3751,185.3698,185.3804,185.3804,350,1,0.0106,64883.13
2024-01-15 09:45:49.040557,AAPL,2024-01-15,185.3801,185.3748,185.3854,185.3854,221,1,0.0106,40970.18
2024-01-15 09:45:50.040600,AAPL,2024-01-15,185.3751,185.3698,185.3804,185.3698,369,-1,0.0106,68401.47
2024-01-15 09:45:51.040642,AAPL,2024-01-15,185.3824,185.3771,185.3877,185.3877,648,1,0.0106,120131.24
2024-01-15 09:45:52.040685,AAPL,2024-01-15,185.3565,185.3512,185.3618,185.3618,179,1,0.0106,33179.76
2024-01-15 09:45:53.040728,AAPL,2024-01-15,185.3864,185.3811,185.3917,185.3811,175,-1,0.0106,32441.7
2024-01-15 09:45:54.040770,AAPL,2024-01-15,185.3847,185.3794,185.39,185.3794,193,-1,0.0106,35778.23
2024-01-15 09:45:55.040813,AAPL,2024-01-15,185.4079,185.4026,185.4131,185.4026,162,-1,0.0106,30035.22
2024-01-15 09:45:56.040856,AAPL,2024-01-15,185.415,185.4097,185.4202,185.4097,699,-1,0.0106,129601.36
2024-01-15 09:45:57.040899,AAPL,2024-01-15,185.4244,185.4191,185.4297,185.4297,145,1,0.0106,26887.31
2024-01-15 09:45:58.040941,AAPL,2024-01-15,185.4362,185.4309,185.4415,185.4415,166,1,0.0106,30783.29
2024-01-15 09:45:59.040984,AAPL,2024-01-15,185.4455,185.4402,185.4508,185.4508,343,1,0.0106,63609.62
2024-01-15 09:46:00.041027,AAPL,2024-01-15,185.4588,185.4535,185.4641,185.4535,322,-1,0.0106,59716.03
2024-01-15 09:46:01.041070,AAPL,2024-01-15,185.4863,185.481,185.4916,185.4916,193,1,0.0106,35799.88
2024-01-15 09:46:02.041112,AAPL,2024-01-15,185.4904,185.4851,185.4957,185.4851,1032,-1,0.0106,191420.63
2024-01-15 09:46:03.041155,AAPL,2024-01-15,185.5051,185.4998,185.5103,185.5103,161,1,0.0106,29867.17
2024-01-15 09:46:04.041198,AAPL,2024-01-15,185.5032,185.4979,185.5085,185.4979,233,-1,0.0106,43221.02
2024-01-15 09:46:05.041241,AAPL,2024-01-15,185.533,185.5277,185.5383,185.5383,134,1,0.0106,24862.13
2024-01-15 09:46:06.041283,AAPL,2024-01-15,185.519,185.5137,185.5243,185.5137,209,-1,0.0106,38772.37
2024-01-15 09:46:07.041326,AAPL,2024-01-15,185.5563,185.551,185.5615,185.5615,134,1,0.0106,24865.25
2024-01-15 09:46:08.041369,AAPL,2024-01-15,185.5554,185.5502,185.5607,185.5502,134,-1,0.0106,24863.72
2024-01-15 09:46:09.041412,AAPL,2024-01-15,185.5258,185.5206,185.5311,185.5311,134,1,0.0106,24861.17
2024-01-15 09:46:10.041454,AAPL,2024-01-15,185.5285,185.5232,185.5338,185.5232,134,-1,0.0106,24860.11
2024-01-15 09:46:11.041497,AAPL,2024-01-15,185.5144,185.5091,185.5197,185.5091,252,-1,0.0106,46748.3
2024-01-15 09:46:12.041540,AAPL,2024-01-15,185.5318,185.5265,185.5371,185.5371,219,1,0.0106,40632.62
2024-01-15 09:46:13.041582,AAPL,2024-01-15,185.5183,185.513,185.5236,185.513,191,-1,0.0106,35432.99
2024-01-15 09:46:14.041625,AAPL,2024-01-15,185.5091,185.5038,185.5144,185.5038,206,-1,0.0106,38213.79
2024-01-15 09:46:15.041668,AAPL,2024-01-15,185.4701,185.4648,185.4753,185.4648,178,-1,0.0106,33012.73
2024-01-15 09:46:16.041711,AAPL,2024-01-15,185.4607,185.4554,185.466,185.4554,260,-1,0.0106,48218.41
2024-01-15 09:46:17.041753,AAPL,2024-01-15,185.4107,185.4054,185.4159,185.4159,245,1,0.0106,45426.9
2024-01-15 09:46:18.041796,AAPL,2024-01-15,185.378,185.3727,185.3832,185.3832,333,1,0.0106,61732.62
2024-01-15 09:46:19.041839,AAPL,2024-01-15,185.3937,185.3884,185.3989,185.3989,227,1,0.0106,42085.56
2024-01-15 09:46:20.041882,AAPL,2024-01-15,185.4099,185.4046,185.4152,185.4046,189,-1,0.0106,35041.47
2024-01-15 09:46:21.041924,AAPL,2024-01-15,185.4187,185.4134,185.4239,185.4239,498,1,0.0106,92341.12
2024-01-15 09:46:22.041967,AAPL,2024-01-15,185.3987,185.3934,185.404,185.3934,432,-1,0.0105,80089.96
2024-01-15 09:46:23.042010,AAPL,2024-01-15,185.3977,185.3924,185.403,185.3924,260,-1,0.0105,48202.04
2024-01-15 09:46:24.042053,AAPL,2024-01-15,185.3976,185.3924,185.4029,185.3924,696,-1,0.0105,129033.09
2024-01-15 09:46:25.042095,AAPL,2024-01-15,185.3738,185.3685,185.379,185.379,285,1,0.0105,52833.02
2024-01-15 09:46:26.042138,AAPL,2024-01-15,185.4048,185.3995,185.41,185.41,234,1,0.0105,43385.95
2024-01-15 09:46:27.042181,AAPL,2024-01-15,185.4228,185.4176,185.4281,185.4281,253,1,0.0105,46913.31
